2896 5180
475 414 795 526 Protogenena.
1104 455 1192 508 xern
1288 511 1290 524 ,

104 618 195 680 Sexto
224 617 320 698 igitur
341 616 481 702 Jaunorii
510 617 560 678 die
579 615 675 678 *lete
698 620 821 710 centnm
851 619 1071 698 quinquaginta
1092 621 1194 684 Jenis-

105 729 181 790 curili
197 727 337 790 Metuxae
359 727 543 788 domicillam
573 729 865 796 circumcinxernutt
899 730 946 788 vir
976 731 1040 808 lpse
1053 734 1192 809 „Melana

105 857 197 916 quum
218 857 286 900 rem
305 837 430 903 rediens
452 839 575 905 domum
598 839 772 913 audivisset
795 841 826 898 ln
843 839 964 918 Angliol
987 841 1078 920 legati
1101 845 1193 908 aedes

103 966 137 1009 se
157 951 278 1026 recepit
298 949 616 1028 ineeluuispmilites
637 951 717 1024 irati,
741 949 836 1026 qnod,
851 951 1007 1024 evaderet,
1028 955 1123 1014 totam
1145 961 1194 1030 ty-

103 1059 304 1138 pographiam
321 1058 623 1140 pessumdederunt,
666 1061 821 1132 Postridie
856 1079 930 1120 varo
965 1059 1003 1124 de
1039 1065 1194 1142 triumpho

97 1159 277 1228 'detractum
299 1173 358 1236 ests
400 1170 543 1232 Summus
566 1173 645 1234 cuim
668 1172 838 1232 Turcarnm
861 1147 1005 1231 sacerdes
1021 1157 1194 1254 ¹)‚T'Jesui-

106 1279 143 1337 tis
164 1279 263 1339 multo
286 1281 469 1358 liberalior(
488 1281 527 1344 de
554 1277 640 1344 libris
663 1283 841 1368 quaestione
865 1283 984 1354 habita,
1014 1283 1094 1345 hanc
1125 1289 1196 1348 tulit

107 1391 308 1474 sententiam:
336 1393 479 1472 dogmata
507 1370 618 1454 contre
638 1385 859 1453 Muhammcdis
881 1393 1021 1452 instituta
1043 1415 1103 1455 non
1128 1417 1195 1458 esse

107 1501 253 1562 mutiano
284 1502 479 1584 blasphemiis
509 1507 563 1565 aut
590 1504 766 1566 criminibus
790 1501 1035 1578 adnumeranda,
1068 1509 1197 1583 et'que-

108 1609 185 1671 niem
207 1613 401 1691 permisisset
427 1615 612 1692 inperator,
644 1617 681 1675 nt
709 1612 873 1674 Christiani
901 1605 998 1674 libere
1027 1614 1197 1680 doctrinam

110 1738 191 1783 suem
214 1711 437 1800 profiterentur
458 1727 490 1785 et
511 1729 728 1800 sectarentur3¹
743 1725 1026 1804 ipses'nonmogis
1045 1745 1114 1787 reos
1131 1749 1198 1792 esse

109 1833 185 1908 typis
207 1833 401 1910 mandando,
424 1835 498 1916 quid
519 1835 691 1909 crederent,
716 1854 806 1913 qnam
828 1853 885 1912 pro
907 1836 1055 1920 concione
1076 1839 1198 1914 praedi-

112 1943 225 2005 cendo·
215 1963 347 2022 ,neque
369 1945 409 2012 eb
428 1945 633 2010 diversitatem
656 1947 844 2022 opinionum,
861 1945 915 2010 sed
937 1941 1066 2024 prepter
1087 1946 1200 2010 delicte

109 2031 227 2134 legibus
249 2056 419 2136 poenisque
448 2057 593 2128 obnoxios
624 2073 702 2117 esse
744 2055 847 2136 Ipsius
868 2073 940 2116 vero
962 2055 1084 2136 Anglici
1106 2059 1199 2140 legati

109 2163 330 2246 intercessione
360 2171 391 2226 et
413 2167 552 2244 querelis
575 2167 718 2228 effectum
741 2169 805 2242 est,
832 2169 872 2225 ut
892 2167 1104 2252 Petrierehe
1095 2188 1126 2226 ιιι
1149 2171 1200 2228 Vi-

110 2275 191 2336 tierii
222 2280 255 2338 et
276 2277 366 2340 Μιιιιί
388 2279 517 2358 gratiam
544 2277 669 2340 rediret·
713 2277 847 2352 Rosci,
838 2297 870 2336 ru
893 2277 1039 2352 Cyrillum
1070 2279 1201 2384 invecto,

109 2386 191 2465 qnod
211 2387 352 2460 Metaxae
381 2391 478 2448 esset
492 2391 640 2466 patrenus
669 2361 880 2466 librorumque
901 2385 1124 2451 haereticorum
1146 2379 1203 2450 au-

110 2501 186 2573 ctor,
211 2501 281 2559 acta
299 2483 481 2572 consistorii,
499 2501 598 2560 Romo
616 2497 757 2572 delatas
749 2517 780 2556 ιιι
798 2498 908 2573 quibus
922 2502 1053 2575 praeter
1061 2499 1204 2583 dogmate

111 2609 187 2668 illud
215 2608 315 2686 primo
348 2609 418 2669 loco
441 2609 556 2686 Cyrillo
588 2609 707 2670 crimini
737 2607 842 2667 datum
863 2610 928 2683 est,
960 2607 1043 2683 quod
1067 2611 1203 2687 inquieto

115 2723 146 2780 ct
166 2719 311 2780 seditioso
335 2722 555 2794 semianime,
586 2718 674 2796 quasi
708 2715 817 2777 auxilio
841 2717 933 2775 missa
953 2720 1035 2776 sunt
1064 2695 1203 2781 ‘drctius
1253 2777 1255 2780 .

110 2829 173 2908 jam
195 2833 346 2909 utraeque
367 2832 473 2908 partes
498 2831 598 2904 coire,
631 2827 814 2894 confirmare
835 2827 932 2901 vires,
963 2813 1101 2905 tenterej
1131 2833 1205 2907 quid

112 2941 242 3018 possint.
287 2939 396 3002 Subito
418 2942 523 3018 plures
548 2961 583 3002 ex
605 2941 745 3026 Romana
768 2937 908 3002 factione
924 2941 1077 3028 correpti,
1099 2961 1206 3004 corum

113 3031 192 3126 libri
210 3051 343 3130 jubente
356 3053 495 3134 Vizierio,
518 3052 672 3134 apportati
693 3053 725 3109 et
747 3033 878 3110 censura
899 3051 931 3112 in
948 3069 1000 3111 eos
1016 3051 1109 3128 laeto,
1132 3051 1207 3112 Gal-

104 3161 193 3222 ·licus
215 3162 337 3242 legatus
366 3163 483 3224 frustra
511 3165 549 3224 ab
578 3163 762 3240 imperatore
792 3150 969 3238 alloquinm'
986 3163 1086 3239 petiit.
1130 3163 1209 3223 Post

116 3271 228 3332 multas
251 3272 488 3338 deliberationes
509 3272 626 3352 placuit
648 3261 819 3332 Tuscorum
842 3273 1080 3354 magistratibus,
1106 3274 1209 3334 Jesui-

118 3386 164 3443 tus
188 3383 293 3445 exsilio
316 3403 384 3444 esse
407 3382 604 3458 alliciendos,
633 3382 719 3449 libris
748 3380 885 3442 redditis.
927 3382 1008 3442 Et
993 3403 1059 3460 Jarn
1083 3386 1209 3444 navibus

118 3494 148 3554 lu
170 3493 303 3560 insulam
325 3494 433 3563 Chium
456 3495 669 3588 deportati
630 3496 719 3572 sunt,
750 3495 800 3550 ut
815 3510 905 3570 quam
930 3493 1060 3570 primum
1084 3474 1117 3552 in
1137 3513 1211 3574 pro-

119 3605 233 3666 vincias
257 3599 464 3674 occidentales
485 3605 710 3683 trajicerentur.
754 3602 801 3664 Ac
823 3601 906 3660 breti
929 3605 1002 3680 post
1017 3605 1096 3662 sine
1118 3604 1211 3664 ullius

119 3713 250 3778 hominis
274 3715 398 3780 luctn'
389 3736 421 3776 ιιι
442 3715 563 3786 Italiam
587 3717 706 3780 remissi
718 3711 809 3774 sunt.
853 3713 1000 3773 Testatur
1021 3711 1212 3788 Chrysoscu-
1310 3733 1314 3742 “

120 3827 169 3886 lus
184 3829 235 3904 ²),
258 3817 427 3896 catholicos
450 3830 597 3901 cunctos,
623 3845 699 3914 prae
715 3825 860 3891 omnibus
883 3823 1043 3904 religiosos
1066 3826 1098 3884 et
1116 3826 1214 3886 Fran·

121 3939 262 3999 ciecanos
284 3937 596 4014 Hierosolymitenom
616 3926 741 4014 'quippe
765 3936 875 4012 quibus
902 3933 1079 4011 sepulcrum
1101 3937 1213 3998 Christi

123 4050 160 4108 ab
182 4050 246 4110 illis
267 4054 406 4128 ereptum
428 4051 547 4123 luisset,
570 4049 628 4115 hac
651 4051 738 4126 peste
761 4047 877 4105 levatos
902 4049 932 4118 et
955 4045 1075 4104 factiosi
1092 4047 1215 4110 Ordinis

124 4159 285 4221 tormidine
308 4161 471 4233 liberatos,
504 4159 629 4220 mirifice
661 4134 865 4218 exsultatiore.
911 4155 1215 4256 Legatuerallieua

127 4312 336 4328 m

195 4405 223 4468 l)
247 4368 360 4456 Μίνωι
384 4369 538 4458 anecdotos
556 4419 582 4472 p.
597 4403 656 4458 223·
718 4403 748 4467 ι)
767 4397 878 4454 Lettres
904 4401 1008 4486 pratil·
