2896 5180
481 439 802 542 Prolegomena.
1123 483 1182 533 m

83 618 221 678 consilia
250 620 363 695 iniret,
392 631 453 698 qno
482 623 565 684 facto
596 628 730 691 criminis
760 623 899 710 capitatis
931 643 1125 709 accusandus
1152 655 1184 710 et

84 731 345 792 condemnandus
367 733 494 807 luisset,
509 737 566 795 ‚hic
589 738 764 798 mandatum
778 740 810 818 ¹)
834 761 936 805 recum
959 751 1038 826 tulit,
1063 777 1098 815 er
1121 775 1200 835 quo&

85 841 245 919 agendw
267 845 344 916 erat,
367 847 403 904 ut
419 843 629 907 Putriarcham
652 849 825 912 Romanum
847 854 972 918 iaceret.
1015 863 1085 925 Fuit
1106 869 1182 934 illud

85 955 347 1027 instrumentum,
371 955 463 1030 qnod·
476 955 601 1032 dicunt,
625 957 889 1041 pwrilcatorium,
925 987 986 1044 quc
1006 977 1182 1062 ,obscripta

84 1067 200 1138 pacem
229 1065 311 1122 intel·
341 1064 513 1127 Orientelos
545 1070 577 1128 ot
606 1067 762 1132 Romanos
787 1074 882 1152 ¹Papo
911 1081 1085 1146 tentaturus
1114 1091 1181 1153 icit.

85 1172 324 1248 conquestus
315 1193 347 1234 m
376 1175 430 1234 iiio
454 1175 502 1236 est
524 1175 563 1238 de
586 1177 694 1262 Cyrilli
713 1179 757 1240 ad
770 1181 914 1258 haereses
936 1189 997 1251 Lut
984 1194 1181 1263 theranorum

89 1285 122 1340 ot
145 1283 392 1346 Celsinianorum
414 1290 536 1362 promto
558 1291 668 1364 auimo,
691 1288 730 1350 de
749 1291 913 1369 juvenibus
936 1299 966 1358 iu
989 1305 1130 1386 Angliam
1154 1319 1185 1373 et

91 1393 121 1450 in
145 1391 366 1456 Germaniam
365 1397 477 1471 missis,
499 1397 537 1458 do·
559 1397 758 1460 Gettchismis
780 1407 875 1480 noris,
899 1414 1053 1475 erroribus
1077 1428 1183 1496 aperte

91 1501 223 1566 refertis.
257 1503 344 1580 Quos
371 1508 397 1566 si
428 1506 590 1584 damnare,
620 1511 844 1590 conciliumque
871 1517 1081 1602 Florentinum
1119 1550 1183 1593 am-

92 1611 186 1688 piccti
207 1613 300 1692 relit3
331 1619 447 1680 curium
468 1619 638 1682 Romanam
672 1637 813 1704 magnam
835 1624 984 1704 pecunias
1007 1637 1066 1696 vim
1089 1623 1184 1703 colle-

94 1725 233 1798 cturum,
265 1728 301 1786 ut
321 1727 394 1789 unio
424 1729 631 1821 confirmetur.
675 1733 826 1812 Cyrillus,
855 1742 994 1817 pericula
1016 1747 1130 1810 veritus
1152 1759 1183 1814 et

94 1834 303 1932 incorruptam
332 1837 424 1899 fidem
458 1843 650 1917 servaturus,
683 1859 867 1923 responsum
889 1849 1034 1930 dilatavit,
1056 1877 1183 1938 remque

95 1961 162 2006 cum
185 1923 326 2025 Anglioo
356 1948 459 2029 legato
489 1955 731 2014 communicarit.
776 1957 835 2033 Qui
867 1979 960 2036 quum
976 1937 1184 2038 uehementer

94 2053 305 2133 dissuaderet,
326 2058 433 2136 Papae
456 2047 611 2140 negotium
633 2065 768 2125 silentio
777 2071 948 2134 contemsit.

177 2167 242 2230 Sed
275 2173 457 2250 urgentibus
485 2174 634 2234 Romanis
668 2177 813 2280 secedere
850 2169 958 2242 maluit
993 2185 1183 2267 Patriarcha,

92 2297 182 2354 quarn
205 2297 366 2342 assensum
388 2285 538 2362 praebere
561 2283 610 2346 rel
633 2289 661 2346 vi
692 2305 798 2348 norum
821 2294 1042 2356 contumaciam
1066 2302 1098 2358 et
1120 2321 1184 2362 me-

92 2389 187 2453 litium
217 2374 371 2453 tentare.
392 2393 494 2470 Ipsius
525 2397 613 2456 amici
642 2406 708 2457 rent
741 2397 781 2458 ad
809 2397 1005 2480 magistratus
1035 2409 1183 2472 Turcioos

93 2500 289 2576 detulerunt,
318 2505 388 2579 qui,
418 2507 553 2582 acceptis
576 2503 679 2567 decies
700 2479 782 2568 millo
802 2511 1029 2591 imperialibus,
1060 2521 1184 2584 seditio-

94 2627 163 2674 nem
193 2615 225 2672 in
254 2615 430 2690 praesentia
458 2621 750 2692 compescuerunt.
768 2614 909 2682 Ecclesia
941 2635 1014 2684 ἰιιο
1044 2629 1184 2694 Romana

95 2725 193 2784 nescit
213 2725 251 2784 ab
274 2726 398 2800 incepto
421 2723 580 2786 desistere.
622 2727 734 2786 Missus
765 2733 813 2788 est
832 2731 1082 2808 Antipatriarcha
1114 2759 1184 2804 cum

94 2839 268 2912 quaestore,
291 2839 327 2896 nt
348 2837 438 2900 omni·
451 2843 566 2913 pompa
588 2854 624 2916 ae
646 2837 811 2913 splendore
832 2841 1055 2929 Graeculorum
1071 2851 1184 2914 Ioculos

93 2963 130 3006 ao
149 2947 268 3007 mentes
284 2947 534 3026 praestringeret.
558 2944 634 3006 Naxi
649 2947 968 3026 appulsum,'exounte
984 2977 1063 3019 anno
1083 2960 1185 3042 1626,

93 3055 230 3136 legatus
238 3055 377 3118 Gallicus
399 3056 567 3117 honorilice
589 3075 646 3134 per
669 3059 857 3125 sacellanum
884 3083 973 3126 ιιιιιιιιι
997 3071 1111 3134 salutat
1132 3095 1186 3135 ro-

94 3169 194 3244 tisque
223 3169 346 3245 optimis
375 3169 495 3266 excipit.
538 3168 586 3228 Ac
612 3165 726 3246 primi)
740 3171 862 3248 quidem
893 3182 1006 3240 cuneta
1035 3186 1186 3259 procede-

94 3279 178 3339 bant.
222 3278 359 3338 crearit
368 3279 448 3340 enim
470 3293 566 3338 novus
589 3280 648 3339 isto
669 3259 814 3342 sacerdos
833 3286 995 3364 episcopos
1011 3291 1095 3352 isauri
1110 3313 1187 3372 pau

95 3407 159 3463 cos,
180 3384 278 3466 inque
297 3388 399 3450 insule
420 3389 507 3449 chio
519 3392 581 3452 tam
603 3407 720 3466 pronus
737 3391 957 3485 Graecorum
948 3419 979 3460 ιιι
1002 3421 1070 3463 eum
1090 3405 1187 3481 lavor,

97 3503 131 3560 ut
150 3519 209 3578 pro
232 3500 337 3561 lausto
360 3481 460 3566 omine
492 3501 625 3560 omnium
657 3501 773 3560 animos
803 3478 981 3568 conciliatos
1008 3513 1127 3572 habero
1143 3517 1187 3577 ui-

97 3611 233 3676 deretur.
278 3609 341 3675 Sad
364 3610 442 3672 adeo
463 3611 585 3672 minime
615 3613 676 3671 silai·
694 3615 865 3690 temperare
888 3621 997 3692 potuit,
1020 3624 1055 3680 ut
1076 3599 1188 3684 intole-

96 3721 233 3782 rabilem·
251 3699 368 3782 ‘tastum
398 3737 474 3799 prae
503 3737 545 3792 se
562 3722 676 3798 ferret,
705 3741 765 3800 quo
787 3725 899 3785 Graeci
927 3729 1075 3820 indignati
1106 3735 1187 3810 apud

97 3833 249 3894 Viririum'
262 3813 387 3910 praeter
410 3851 534 3910 morem¹
548 3837 621 3902 tam·
632 3836 764 3913 graviter
783 3848 848 3896 rem
867 3828 1007 3920 egerunt,
1019 3843 1064 3901 'ut
1078 3844 1189 3904 suffre—
1271 3861 1274 3871 ’

99 3961 216 4022 gaurus
237 3944 314 4020 ists,
342 3961 411 4004 cum
433 3944 498 4002 suis
520 3945 613 4004 sociis
644 3944 719 4024 iuga
747 3929 877 4008 solutam
907 3952 1027 4028 peterat
1059 3951 1189 4032 ejusque

101 4054 238 4130 episcopi
260 4054 292 4112 in
313 4043 456 4128 carcere,
479 4054 555 4132 quid
573 4054 648 4116 fides
673 4059 764 4132 esset,
785 4059 924 4120 meditari
947 4065 1083 4138 possent.

154 4201 157 4206 -
183 4165 292 4250 Annus
316 4181 387 4224 voro
407 4163 499 4226 1527.
522 4171 600 4226 nore
621 4167 691 4227 tulit
713 4168 861 4244 pericula.
894 4161 1025 4234 Advenit
1040 4171 1191 4236 Constan-

103 4303 333 4318 m-

167 4392 198 4460 i)
217 4389 327 4462 Legitur
347 4360 510 4452 interires
527 4395 681 4453 arescentes
698 4413 723 4468 p.
741 4397 789 4454 211
807 4408 865 4470 sqq,
970 4389 972 4393 ’
996 4363 1005 4416 s
