2916 5172
268 491 377 538 rxxrs
639 464 963 573 prolegomena.

267 655 344 716 lium
371 651 435 731 jam
464 649 623 710 adulatore
654 649 740 708 nisus
766 649 835 710 orat
856 649 1042 721 libatoria-s,
1070 637 1367 724 Hierosolymorum

266 763 446 826 Patriarcba
460 764 541 822 intra
558 777 655 820 annos
680 757 821 820 16609-
832 756 934 834 tote,
947 757 1026 820 libro
1047 751 1156 820 contra
1178 777 1250 820 cunr
1274 779 1366 822 ccm-

265 877 377 954 posito,
400 891 490 949 quens
510 872 672 934 Eusebius
692 869 902 932 Renuudotas
921 871 1080 930 Geaaadr'i
1099 871 1258 946 Hluvilie's,
1278 891 1365 948 quas

265 985 378 1059 edidit,
409 983 522 1061 adjecit
550 1001 581 1059 p.
615 977 805 1042 stt-186.
847 981 936 1040 Illius
964 999 1037 1042 vero
1067 999 1230 1042 successor
1258 985 1365 1045 Dosi-

160 1133 163 1142 ·
221 1105 223 1111 '
264 1097 357 1156 tirsus
378 1089 667 1175 (ibn-1706),
685 1093 737 1168 qui
761 1094 823 1152 taur
845 1095 970 1152 strenue
992 1109 1103 1152 munus
1126 1093 1211 1168 obiit,
1240 1094 1277 1154 ut
1298 1095 1366 1154 La-

265 1207 345 1264 tinos
375 1186 412 1265 er
439 1205 524 1264 urbis
552 1221 630 1262 suae
659 1202 808 1286 ecclesiisy
834 1201 1001 1280 expelleret
1033 1206 1077 1262 et'
1096 1221 1171 1264 suae
1205 1205 1361 1265 ecclesiae

69 1377 70 1385 χ
176 1297 177 1300 ¹
265 1318 363 1396 gratia
392 1316 502 1374 itinera
523 1315 554 1372 in
577 1313 741 1392 Georgium
763 1316 794 1372 et
815 1313 958 1372 Russiam
981 1315 1169 1390 susciperet,
1201 1333 1295 1390 quum
1321 1315 1360 1376 de

264 1425 385 1486 Claudii
417 1425 610 1503 opinionibus
642 1423 823 1498 audivisset,
856 1423 956 1485 noluit
977 1426 1098 1498 tacere,
1121 1428 1152 1484 et
1183 1425 1360 1486 Orientales

262 1537 455 1614 potissimum
478 1535 607 1594 clericos
636 1535 666 1594 in
688 1533 761 1594 fidei
785 1535 926 1596 castitate
950 1536 1109 1596 constituit
1137 1541 1253 1596 tenere.
1297 1537 1359 1611 sy-

265 1647 338 1708 nodi
369 1647 463 1725 igitur
481 1644 707 1706 ‘convocandae
740 1646 823 1721 cepit
852 1641 1031 1720 consilinm,
1061 1649 1126 1706 tum
1158 1665 1214 1705 sua
1244 1649 1359 1706 natura

264 1758 364 1830 latus,
392 1759 458 1816 tum
487 1757 585 1818 turbis
608 1756 682 1832 ipsis
713 1755 946 1835 Hierosolymis,
974 1761 1046 1817 ante
1075 1757 1198 1836 quidem
1229 1758 1357 1832 sedatis,

265 1867 321 1928 sed
351 1885 430 1944 quae
454 1867 551 1928 'lacilc
578 1869 707 1944 possent
735 1863 1001 1946 redintegrarii),
1032 1841 1164 1944 denique
1194 1868 1290 1948 legati
1317 1869 1358 1928 ad

263 1977 390 2041 Portam
412 1975 540 2054 Gallici,
563 1995 696 2056 quocum
722 1975 830 2036 habuit
857 1977 1111 2056 familiaritatem,
1141 1977 1357 2039 admonitionb
1430 2027 1434 2037 ,

263 2090 321 2150 bus
342 2091 513 2170 instigatus.
557 2087 654 2165 cujus
676 2087 793 2148 consilii
825 2060 1008 2164 exsequendi
1038 2089 1161 2149 occasio
1192 2087 1265 2150 data
1296 2089 1356 2150 luit

248 2199 462 2260 -Patriarcbao
485 2217 566 2259 anuo
592 2195 992 2274 1672,quumueth1eemi
1015 2201 1053 2260 ad
1084 2199 1188 2274 aedis,
1216 2201 1271 2260 ubi
1301 2201 1354 2260 Je-
1443 2271 1444 2278 ἵ

263 2329 316 2372 sus
345 2314 436 2371 natus
465 2310 560 2370 inisse
591 2309 830 2385 perhibebatur,
859 2309 1112 2369 instaurationem
1135 2314 1167 2370 et
1187 2311 1354 2390 inaugura·
1443 2371 1444 2384 ,

262 2424 377 2482 tionem
399 2419 595 2481 sacerdotum
616 2418 817 2478 Orientalium
846 2419 970 2496 plurimi
1000 2419 1227 2482 confluxissent.
1273 2423 1354 2502 Gon7
1443 2477 1444 2502 ,

262 2533 383 2594 vocavit
404 2535 435 2592 et
456 2532 532 2592 alios
555 2534 603 2591 sot
624 2529 747 2604 multos,
770 2531 814 2603 ut,
838 2547 917 2606 quae
938 2549 958 2590 a
979 2529 1101 2590 domino
1124 2535 1207 2592 esset
1229 2507 1355 2612 tradita,

262 2645 301 2704 ab
331 2643 479 2721 apostolis
510 2641 704 2722 promulgata
731 2643 764 2701 et
794 2642 831 2700 ab
860 2641 974 2702 sanctis
1005 2642 1143 2718 pestribus
1171 2648 1354 2706 conservata

261 2753 451 2814 Graecorum
458 2753 556 2820 fildas
584 2753 727 2813 universo
755 2751 869 2813 mundo
899 2752 1061 2814 manifesta
1088 2751 1176 2811 fieret
1207 2749 1254 2833 (p.
1279 2755 1351 2816 329.

260 2862 443 2941 Actorum),
479 2861 664 2941 publicaque
701 2861 920 2922 deliberatione
951 2867 983 2922 et
1014 2864 1207 2924 confessione
1247 2866 1352 2928 hostes

261 2977 509 3052 perterrerentur
532 2974 683 3048 animique
703 2973 784 3032 forte
807 2975 951 3032 nutantes
972 2972 1061 3034 valde
1085 2973 1352 3037 confirmarentur.

261 3088 459 3166 Quapropter
480 3085 571 3143 etiam
599 3087 681 3155 duale
697 3086 868 3162 όρθοδοξίας
884 3083 904 3162 ἢ
923 3085 1060 3160 ἀπολογία
1082 3083 1179 3143 voluit
1209 3105 1279 3146 osse
1303 3107 1352 3164 sy·
1442 3157 1443 3160 Ἴ

260 3196 361 3258 nodus
383 3194 432 3276 (p.
455 3189 561 3275 325),
574 3169 663 3269 'quae
683 3191 873 3266 calvinistis,
896 3210 973 3272 quos
995 3173 1120 3253 maxime
1143 3194 1270 3254 adortus
1292 3202 1349 3272 est,

261 3308 355 3370 nullo¹
384 3306 475 3368 modo
514 3303 665 3384 parceret.
707 3303 774 3364 Non
812 3323 884 3363 vero
914 3304 981 3380 ipsa
1014 3303 1148 3379 synodus
1179 3305 1352 3382 Bothlccmi

260 3418 366 3480 habita
388 3420 453 3496 est3
483 3416 539 3477 sed
558 3419 595 3474 ut
614 3433 672 3492 par
693 3414 768 3490 init,
790 3415 821 3472 in
845 3415 921 3474 urbe
946 3415 1087 3492 capitali,
1108 3415 1351 3496 Hierosolymis,
1442 3391 1443 3394 Ἴ

260 3531 411 3592 immerito
435 3530 528 3610 igitur
556 3527 605 3588 vel
635 3526 707 3602 quia
733 3525 904 3586 Bethleemi
936 3524 1061 3586 decreta
1090 3529 1156 3601 est,
1187 3525 1350 3605 aliquoties
1442 3529 1443 3589 l

330 3820 356 3890 l)
374 3817 501 3875 Nectarlo
531 3817 619 3871 adhuc
642 3814 734 3869 sedeur
750 3812 898 3870 Patriarch.
916 3825 1038 3884 tenente,
1066 3815 1156 3872 Peter
1175 3818 1299 3886 quidam,
1318 3840 1351 3876 ex

258 3903 495 3960 Franciscanornm
521 3903 631 3966 ordine,
657 3899 848 3969 Hierosolymis
872 3901 986 3970 quinque
1012 3901 1103 3956 theros
1120 3901 1156 3955 de
1175 3903 1281 3976 Papae
1299 3911 1351 3960 im-

257 3995 342 4064 perto
359 3991 512 4062 evulgaret,
531 4006 584 4058 quo
602 3994 738 4058 permotus
755 3982 896 4039 Nectarlus
913 3985 1026 4040 libellum
1046 3988 1194 4056 composuit
1210 3987 1284 4044 aurel
1301 3995 1351 4062 τῆς

261 4073 347 4148 ἀρχῆς
362 4079 413 4134 τοῦ
432 4076 556 4142 Hecate,
582 4075 625 4144 qui
641 4072 709 4128 Josii
727 4069 837 4128 Graece
856 4071 950 4142 losa,
974 4071 1064 4128 latine
1087 4072 1121 4126 ab
1138 4073 1236 4128 Altinio
1254 4091 1350 4131 versus

260 4161 376 4218 Londiui
408 4161 507 4232 prodiit
532 4159 607 4216 1702.
643 4155 697 4211 cfr.
723 4157 799 4214 Actu
825 4156 1015 4212 Eruditcrum
1041 4157 1114 4212 1703.
1141 4176 1167 4229 p.
1188 4159 1351 4216 tot—305.

259 4245 398 4316 Ilionpsio
423 4245 499 4314 igitur
523 4255 577 4300 tum
603 4242 749 4298 cavendum
774 4243 839 4308 luit,
863 4260 897 4297 ne
925 4241 1053 4298 Catholici
1080 4241 1185 4298 nimium
1209 4243 1349 4310 auderent,
1441 4311 1442 4320 ἵ

259 4339 312 4384 turn
331 4328 564 4396 Reformatorem,
589 4346 658 4400 qnos
685 4321 857 4399 synodus'ut
881 4329 1012 4383 volaticos
1034 4339 1062 4384 et
1079 4337 1210 4384 ventosus
1227 4327 1349 4383 horrrines
1441 4337 1442 4400 l

261 4413 411 4485 descripsit,
428 4417 577 4485 arrogantie
596 4415 699 4486 penitus
717 4414 890 4488 reprimenda.
1441 4401 1442 4412 ¹
