2916 5172
307 431 328 496 o
572 426 779 530 Gennadii
814 425 1038 495 Confessio
1091 427 1116 492 1.

308 607 383 688 funi,
412 625 474 670 nou
497 605 687 692 pronunciat
708 615 813 670 autem
835 627 895 692 per
914 605 1014 688 fabia,
1037 603 1097 668 sed
1123 615 1297 672 conservat
1321 629 1391 672 ser-

308 735 436 780 monem
458 713 545 778 ilium
566 714 598 778 in
614 715 740 802 gremio
763 716 887 780 animae
908 725 941 779 et
962 723 1012 780 est
1034 714 1087 779 iffa
1107 714 1264 801 cogitatio
1286 717 1393 802 prima

309 824 440 890 animae.
482 823 661 889 Productio
682 833 792 890 tamen
813 834 846 890 et
868 825 896 890 si
916 824 1091 906 formatur,
1122 843 1230 888 sermo
1253 825 1393 909 primam

308 933 532 1000 formationem
561 933 677 1016 habet,
706 934 834 1021 quando
866 943 973 999 autem
993 933 1061 998 vult
1092 931 1297 999 manifestare
1320 959 1393 1001 seru

308 1059 448 1124 monem,
467 1052 544 1108 tuno
564 1043 690 1110 format.
734 1045 885 1110 Secunda
907 1051 1014 1109 autern
1039 1042 1189 1107 formatio
1208 1052 1261 1108 eat
1283 1067 1323 1108 ex
1345 1046 1393 1111 la-

311 1153 381 1218 biis.
423 1153 515 1218 Haec
544 1162 650 1218 autom
680 1147 1005 1220 secunda-formatio
1034 1151 1193 1218 labiorum
1223 1163 1275 1218 est
1303 1163 1393 1237 tunc,

311 1261 440 1349 quondo
463 1263 730 1328 omnes¹audiunt
750 1253 932 1328 sermbne'r'n
952 1271 985 1326 et
1001 1261 1221 1327 manifestatur
1243 1265 1394 1330 omnibns

311 1381 345 1435 et
373 1394 437 1437 non
471 1358 608 1459 amplius
642 1373 759 1439 dicitur
793 1371 1002 1438 absconditus
1032 1393 1140 1436 sermo
1172 1371 1233 1438 sed
1268 1374 1388 1442 clarus.

312 1478 449 1562 Quando
480 1502 556 1546 vero
587 1492 762 1570 generatur
789 1488 923 1547 sermot
952 1480 1111 1549 Videlicet
1139 1480 1268 1568 quando
1297 1483 1393 1550 fabiis

313 1588 514 1672 articulatur,
557 1601 591 1657 et
617 1591 733 1658 dicitur
764 1591 846 1657 haec
873 1591 1023 1657 formatio
1045 1613 1116 1680 per·
1134 1591 1218 1657 labia
1249 1595 1395 1663 secunda

312 1697 462 1764 formatio
491 1701 659 1767 sermonis.
701 1703 815 1789 ltaque
844 1701 928 1768 duae
955 1710 1030 1767 sunt
1057 1700 1201 1790 origines
1231 1707 1392 1772 sermonis

313 1809 426 1893 nostri,
446 1833 510 1876 una
528 1833 568 1876 ex
590 1811 712 1892 anima,
735 1810 862 1899 quando
884 1811 1010 1900 cogitat
1030 1832 1232 1893 sermonem,
1262 1833 1349 1900 quae
1363 1825 1395 1882 et

313 1921 416 2006 prima
435 1921 585 1986 formatio
607 1920 732 2006 dicitur,
753 1923 854 1987 altera
875 1944 952 1987 vero
975 1943 1015 1985 ex
1037 1919 1145 2002 fabiis,
1165 1942 1249 2008 quae
1273 1930 1308 1985 et
1331 1946 1395 1988 ma-

314 2029 443 2096 nifestat
463 2052 647 2097 sermonem
660 2031 692 2097 in
708 2033 856 2098 omnibus
875 2031 1057 2098 bominibus
1072 2039 1105 2098 et
1120 2028 1237 2096 dicitur
1252 2031 1396 2098 secunda

313 2139 472 2206 formatio.
514 2139 658 2229 Adspice
679 2141 796 2230 igitur:
828 2139 1095 2229 quemadmodum
1118 2161 1227 2204 sermo
1256 2138 1395 2207 bominis

314 2251 395 2314 duas
417 2251 562 2339 origines
579 2251 692 2332 babet,
723 2273 818 2317 uuam
840 2273 879 2316 ex
901 2252 1023 2332 anima,
1055 2249 1197 2315 alteram
1214 2262 1256 2316 ex
1286 2250 1394 2330 fabiis;

314 2363 358 2426 ita
378 2371 411 2426 et
429 2362 561 2426 verbum
581 2361 642 2427 Dei
664 2362 745 2427 duas
767 2361 994 2450 generationes
1017 2360 1242 2442 habenumm
1260 2341 1301 2426 en
1322 2361 1394 2426 Deo

314 2480 418 2558 patre,
440 2493 523 2559 quae
545 2479 578 2536 et
597 2470 700 2558 prima
722 2471 838 2536 dicitur
859 2469 1038 2560 generatio,
1059 2479 1092 2534 et
1113 2470 1247 2535 alteram
1262 2491 1304 2534 ex
1325 2493 1395 2536 car-

315 2605 366 2664 ae,
385 2605 472 2669 quae
494 2591 528 2647 et
548 2581 690 2647 secunda
712 2579 828 2647 dicitur
849 2579 1026 2669 genoratio.
1068 2579 1112 2645 Et
1126 2577 1397 2666 quemadmodum

314 2714 424 2758 sermo
445 2701 566 2776 noster,
588 2703 621 2757 et
642 2692 672 2756 si
700 2691 873 2774 formatur,
902 2688 1038 2778 primam
1059 2688 1218 2776 originem
1237 2689 1337 2755 babet
1358 2691 1396 2755 ab

315 2802 437 2881 anima,
458 2811 597 2868 attamen
618 2824 685 2866 non
704 2809 757 2864 est
776 2800 881 2883 clara,
902 2822 963 2864 nec
983 2799 1224 2881 manifestatur,
1257 2797 1319 2864 sed
1341 2801 1397 2866 ite·

315 2931 386 2974 rum
414 2919 491 2996 poat
515 2909 739 2974 formationem
767 2917 875 2973 manet
903 2908 935 2972 in
964 2908 1090 2995 gentio
1119 2908 1262 2987 animae3
1293 2909 1397 2975 sicet

315 3019 447 3083 verbum
468 3019 540 3100 Dei,
562 3018 704 3105 quamvis
726 3027 835 3082 uatum
849 3025 901 3084 est
923 3027 996 3083 ante
1018 3008 1148 3083 saecula
1166 3018 1271 3084 aDeo
1287 3019 1398 3100 Patre,

316 3151 381 3194 non
401 3128 461 3194 fuit
480 3137 587 3193 tamen
609 3126 810 3192 manifestum
831 3125 1023 3210 homiuibus,
1044 3127 1104 3193 sed
1124 3123 1184 3192 fuit
1204 3127 1237 3192 in
1258 3137 1395 3214 paterno

316 3237 453 3325 gremio.
500 3235 781 3317 Quemadmodum
801 3258 909 3304 sermo
931 3246 1060 3321 noster,
1088 3238 1216 3325 quaudo
1239 3239 1399 3322 volumus,

235 3396 239 3406 ,
315 3347 474 3412 formatur
495 3369 535 3412 ex
557 3347 650 3412 fabiis
681 3346 817 3428 nostriS‚
849 3354 882 3412 et
911 3348 1132 3416 manifestatur
1162 3347 1312 3415 omnibus
1343 3349 1397 3414 ad-

316 3457 494 3524 stantibus:
515 3456 560 3524 ita
587 3456 733 3522 similiter
754 3466 787 3522 et
806 3446 950 3525 Verbum
972 3458 1053 3537 Dei,
1075 3458 1203 3545 quando
1226 3460 1312 3527 bene
1332 3460 1398 3546 pfa-

315 3569 399 3652 ouit,
427 3577 536 3634 nanum
557 3578 610 3631 est
642 3566 741 3647 (sicut
762 3589 802 3632 ex
822 3567 915 3633 labiis
936 3567 1166 3655 prophetorum
1188 3567 1248 3633 fuit
1269 3569 1399 3656 praedi-

316 3681 419 3765 ctum)
452 3701 491 3744 ex
522 3685 635 3744 sancta
662 3676 787 3764 virgine
807 3677 910 3743 Maria
926 3685 975 3742 ..et
1003 3686 1079 3743 tunc
1108 3676 1314 3744 manifestum
1344 3680 1401 3746 fuit

316 3799 386 3854 toto
408 3789 488 3854 orbi.
532 3784 811 3867 Quemadmodum
839 3787 924 3854 enim
952 3787 1175 3854 manifestatur
1203 3810 1315 3854 sermo
1345 3813 1399 3854 no·

317 3909 403 3984 ster,
435 3920 533 3988 quum
562 3896 604 3962 sit
632 3904 726 3961 natus
755 3917 794 3961 ex
828 3897 920 3963 labiis
949 3897 1086 3976 nostris3
1117 3897 1226 3964 itaet
1254 3897 1399 3966 Verbum

316 4009 380 4075 Dei
400 4016 509 4075 natum
529 4013 581 4072 est
601 4026 641 4070 ex
662 4025 760 4071 carne
782 4014 913 4072 sanctae
933 4006 1083 4095 virginis,
1105 4031 1144 4073 ao
1162 4007 1400 4075 manifestatum
1449 4032 1450 4044 ¹

319 4128 371 4185 est
390 4119 451 4185 toti
472 4115 553 4199 orbi,
574 4123 607 4180 et
625 4114 679 4203 qni
700 4115 846 4197 crodunt,
873 4115 904 4180 in
926 4139 966 4181 eo
995 4115 1074 4183 salvi
1095 4127 1181 4183 sunt.
1222 4119 1266 4184 Et
1289 4140 1400 4205 quem-
1449 4103 1450 4189 f

319 4227 492 4294 admodum
522 4247 630 4292 serum
659 4235 789 4306 noster,
822 4224 949 4312 quaudo
978 4226 1134 4294 formatur
1156 4250 1176 4294 e
1197 4224 1310 4310 labiis,
1343 4249 1401 4295 nec·

319 4339 360 4404 ab
380 4335 484 4403 anima
505 4335 616 4416 deest,
638 4358 698 4402 nec
724 4333 851 4402 alabiis
873 4337 1041 4402 nostriset
1059 4339 1091 4402 in
1112 4337 1242 4406 auribus
1265 4339 1399 4408 audien-
