2916 5172
307 477 331 548 2
479 574 484 600 i
564 463 1034 556 Gennaditcoiriessio
1084 473 1110 542 l.

307 658 350 724 dii
371 620 538 742 aliquando
563 651 707 719 homines
730 673 789 740 per
812 650 1097 740 participationem,
1118 663 1153 718 ut
1173 662 1270 742 putus
1301 653 1384 742 Ego

305 767 369 834 dixi
390 765 443 831 Dii
464 764 543 829 estis
564 773 598 828 et
624 763 680 829 filii
710 762 871 842 altissim13
900 783 959 826 vos
989 771 1096 828 autern
1123 773 1287 852 tamquam
1322 766 1385 830 ho·
1447 754 1448 812 ἶ

303 877 405 944 mines
427 872 604 939 moriemini
624 883 657 938 et
678 874 761 938 sicut
780 894 862 938 unus
886 873 928 938 de
948 872 1145 959 principibus
1166 874 1300 940 cadetis.
1319 877 1356 960 ¹)

390 1017 532 1082 Malam.
577 1016 614 1083 Si
634 1016 741 1105 itaque
763 1037 845 1081 unus
865 1017 955 1080 Deus
985 1024 1045 1096 est,
1067 1040 1126 1083 cur
1153 1018 1259 1084 dicitis
1282 983 1384 1084 etiam

302 1139 369 1195 tres
390 1147 466 1192 esse
488 1148 664 1214 personaS,
692 1135 817 1215 patrem
845 1125 1009 1210 videlicet,
1037 1126 1137 1194 filium
1167 1135 1200 1193 et
1229 1127 1383 1215 spiritum

303 1235 471 1305 sanctum?

392 1379 537 1446 Geraaod.
580 1381 667 1447 Ecce
689 1379 737 1446 sic
757 1401 833 1444 esse
852 1388 920 1444 tres
943 1377 1078 1445 dicimus
1099 1390 1132 1446 et
1152 1402 1260 1448 unum.

387 1492 529 1558 Matina.
572 1492 701 1555 Doceas
719 1511 778 1554 nos
795 1510 927 1576 quaeso,
942 1490 1105 1576 quomodo
1122 1502 1173 1555 est
1188 1512 1273 1556 unus
1287 1492 1379 1556 Ileus

301 1612 334 1667 et
354 1610 421 1666 tres
443 1622 613 1688 personae,
635 1599 784 1686 quoniam
807 1599 899 1662 nobis
922 1599 1037 1666 mirum
1058 1601 1193 1686 videtur,
1211 1601 1377 1689 quomodo

301 1733 383 1776 unus
405 1711 503 1775 Deus'
518 1708 623 1795 sit,'et
642 1716 708 1772 tres
730 1706 762 1772 in
784 1729 823 1773 eo
846 1731 1016 1796 personae.

393 1853 540 1922 Geanod.
582 1849 809 1918 Animadverte
842 1876 963 1940 quaeso
986 1862 1023 1919 et'
1049 1853 1144 1920 facile
1176 1855 1300 1943 poteris
1331 1855 1376 1921 iu-

300 1962 657 2054 attigasmystertam
678 1971 808 2028 sanctae
831 1963 1008 2048 Trinitatis,
1032 1973 1182 2051 quantum
1197 1963 1299 2032 'mens
1321 1966 1376 2049 hu·

300 2097 396 2142 mana
416 2074 520 2140 valeat
540 2071 737 2160 intelligere-a
759 2095 823 2161 ego
845 2083 951 2140 autam
973 2097 1032 2162 pro
1054 2074 1378 2163 riribusexprimere

301 2185 503 2254 contendam.
565 2180 693 2249 Idcirco
730 2181 845 2250 dicitur
880 2185 972 2251 Deus
1007 2208 1073 2252 nou
1109 2186 1377 2274 interpretabilis,

301 2294 463 2384 quianon
492 2293 601 2381 possis
631 2289 701 2379 ejus
726 2303 882 2372 ,naturam
910 2295 1096 2383 percipere,
1131 2319 1237 2383 neque
1263 2297 1376 2364 similis

300 2415 353 2472 est
381 2403 446 2470 ulla
479 2404 571 2469 nobis
600 2423 750 2490 persona.
802 2403 839 2469 Si
868 2405 952 2471 enim
983 2417 1072 2472 esset
1100 2429 1242 2494 persona
1272 2408 1377 2500 unica,

300 2515 387 2582 illum
415 2513 529 2601 procul
561 2511 658 2580 dubio
692 2535 984 2602 cognosceremus,
1013 2515 1285 2603 quemadmodum
1317 2543 1377 2586 nos

299 2625 435 2692 invicem
455 2622 696 2712 cognoscimus.
739 2624 807 2690 Sed
836 2634 888 2690 est
916 2648 999 2691 unus
1016 2626 1159 2713 ,quidem
1184 2628 1288 2712 Deus,
1309 2639 1378 2696 tres

175 2755 183 2785 t
300 2743 408 2803 autem
440 2755 600 2821 personae
633 2732 779 2822 ejusdem
813 2733 958 2816 deitatis3
991 2734 1127 2823 proinde
1149 2737 1377 2824 animadverte,

301 2866 384 2932 quae
414 2842 529 2910 dicturi
557 2863 678 2908 sumus.
723 2843 1001 2924 Quemadmodum
1028 2855 1080 2912 est
1110 2869 1195 2912 unus
1221 2849 1293 2934 sol,
1325 2855 1378 2940 qui

301 2951 431 3042 quidem
451 2951 560 3018 radios
583 2951 679 3016 habet
699 2960 732 3016 et
752 2951 868 3032 lumen,
890 2959 1028 3040 stantque
1048 2954 1080 3022 in
1097 2957 1172 3022 sole
1192 2967 1261 3024 tres
1284 2965 1382 3050 quasi¹

302 3083 473 3151 personae,
494 3060 677 3126 substantia
695 3060 785 3140 solia,
806 3061 916 3128 radius
938 3073 971 3128 et
990 3064 1117 3145 lumen3
1148 3067 1258 3135 radius
1288 3095 1377 3158 vero,

301 3173 355 3260 qui
384 3169 531 3252 discedit,
557 3170 715 3257 lampadis
745 3171 846 3238 instar
874 3182 994 3240 terram
1030 3177 1237 3265 percutiens,
1268 3181 1378 3250 lumen

300 3290 418 3364 autem,
441 3278 528 3367 quod
548 3279 701 3346 illuminat
722 3280 794 3347 loca
814 3284 996 3367 tenebrosa,
1018 3285 1140 3372 absque
1161 3267 1270 3354 radio:
1300 3315 1380 3360 ecce

301 3393 410 3478 itaque
431 3397 499 3455 tres
521 3388 612 3476 quasi
632 3412 804 3477 personae,
825 3415 944 3481 corpus
966 3394 1089 3460 scilicet
1111 3397 1236 3484 solare,
1266 3404 1377 3470 radius

300 3510 334 3568 et
362 3501 485 3582 lumen,
513 3520 578 3565 non
605 3507 713 3565 tamen
742 3500 877 3569 dicimus
906 3513 974 3570 tres
1005 3506 1110 3589 soles,
1140 3531 1253 3575 verum
1278 3534 1378 3582 unum

300 3621 334 3678 et
362 3610 485 3692 solum,
518 3631 578 3674 nec
609 3609 744 3676 dicimus
774 3634 949 3699 personam
980 3637 1093 3700 unam,
1125 3618 1185 3684 sed
1215 3627 1296 3688 tres.
1342 3627 1378 3692 Si

300 3722 385 3788 enim
404 3717 504 3786 lucris
528 3717 762 3822 intcrrpgatus,
791 3731 870 3810 quot
896 3734 971 3790 sunt
994 3726 1081 3791 soles
1110 3728 1143 3793 in
1170 3730 1292 3798 coelo?
1327 3758 1378 3801 re-

299 3831 463 3919 spondere
495 3826 613 3912 debes,
644 3851 726 3894 unus
759 3841 810 3896 est
838 3833 899 3898 sol.
950 3837 987 3901 Si
1020 3846 1127 3903 autem
1156 3839 1378 3931 interrogatus

245 4021 255 4029 ⁸
299 3941 411 4025 meris,
427 3961 510 4028 quae
530 3945 605 4003 sunt
625 3961 789 4025 personae
810 3943 842 4007 in
863 3944 961 4009 sole?
983 3947 1146 4036 responde
1167 3957 1245 4034 tres,
1267 3955 1378 4022 solare

299 4073 431 4140 corpus,
451 4045 560 4116 radius
583 4056 616 4112 et
636 4049 753 4115 lumen.
798 4052 951 4119 Similiter
980 4057 1181 4124 sentiendum
1205 4070 1257 4126 est
1279 4064 1376 4131 etiam

298 4161 341 4228 de
371 4163 454 4227 Deo.
504 4156 595 4222 Deus
624 4158 752 4246 quidem
786 4183 888 4249 unus,
916 4188 1078 4254 personae
1107 4179 1212 4238 autem
1240 4171 1273 4238 in
1301 4175 1376 4244 Deo

297 4311 501 4322 Μ-

330 4385 360 4454 1)
379 4377 425 4438 m.
443 4379 578 4438 nxxxu
599 4387 623 4441 o.
644 4391 668 4444 7.
