2896 5180
482 415 798 510 Prolegomeue.
1107 447 1184 495 xv„

85 612 142 684 rit,
162 611 195 668 ct
214 606 395 684 ffiguitetem
420 606 451 662 ei
472 603 675 664 venerabilem
699 603 977 680 speeiempraese
992 603 1089 681 ierot5
1105 626 1178 686 pm.

85 722 170 780 fecto
192 719 271 776 haec
292 717 406 774 cuncta
429 712 544 774 cadunt
564 713 595 772 in
616 714 682 790 bas,
706 713 743 772 do
766 715 876 790 qulbus
899 716 1082 794 quaerimus,
1102 739 1178 784 cou-

84 831 257 901 fessiones,
287 845 324 886 eo
346 823 583 900 laudabiliores,
614 825 698 900 quod
727 825 820 887 nullis
842 825 979 886 admixtis
1000 829 1125 894 incertis
1147 841 1178 896 ot

82 942 190 1000 dubiis
212 939 392 997 natantum
412 939 607 1012 proponunt,
636 955 716 1011 quae
745 937 886 999 omnibus
908 929 1087 1002 Christianis
1116 965 1178 1006 non

81 1053 220 1130 probate
238 1066 303 1108 non
323 1065 393 1108 esse
415 1046 607 1122 debuerunt,
634 1037 803 1106 Platonicis
834 1049 920 1122 quasi
949 1048 1113 1114 luminibus
1135 1061 1178 1119 ita

85 1164 255 1235 distincta,
275 1162 312 1218 ut
331 1157 423 1218 facile
445 1156 596 1216 lectorum
618 1158 742 1232 capiant
763 1161 881 1218 mentes
902 1162 935 1218 et
957 1161 1121 1226 oblectent.

171 1269 276 1332 Unum
301 1271 459 1328 continere
481 1287 529 1328 me
552 1285 615 1326 non
635 1281 762 1344 possum
785 1271 858 1344 quin
881 1279 1123 1352 commemorem,
1145 1280 1177 1340 in

84 1401 146 1460 quo
171 1399 244 1442 eum
273 1379 361 1440 video
391 1379 431 1440 ab
461 1392 525 1446 uno
553 1395 629 1438 suae
658 1377 807 1438 ecclesiae
836 1378 978 1458 dogmate
1005 1381 1178 1450 descivisse.

84 1496 244 1554 Summam
265 1491 378 1550 scimus
400 1489 535 1549 omnium
557 1485 694 1548 Graecos
716 1481 996 1551 intercisiones
1024 1493 1187 1574 discoptffi

86 1608 204 1664 bonum
226 1601 321 1662 tuisse
341 1601 375 1660 iu
393 1602 598 1675 processione
625 1602 760 1674 spinter
785 1603 907 1674 suncti,
936 1599 975 1662 de
1007 1621 1069 1681 qua
1093 1608 1177 1684 judi.

91 1717 165 1776 cium
188 1715 279 1789 quasi
301 1715 419 1770 tessera
440 1711 514 1784 luit,
545 1727 606 1786 qua
626 1712 728 1786 potuit
745 1711 878 1787 *quilibet
899 1711 1053 1792 dignosci.
1096 1720 1177 1794 Quid

88 1827 177 1904 igilur
201 1824 359 1896 dicamus,
383 1839 477 1902 quum
499 1821 531 1878 in
553 1821 635 1878 coni.
655 1819 682 1882 Ι.
704 1839 736 1898 p.
752 1821 782 1884 3.
805 1823 897 1884 verba
918 1823 1066 1903 legimus:
1083 1838 1179 1902 pater

85 1944 217 2014 amomi
235 1932 337 2012 filiam
358 1941 390 1990 et
411 1952 433 1990 a
451 1937 546 2006 petre
568 1937 600 1990 et
617 1929 684 2009 filio
704 1933 848 2008 procedit
865 1937 1001 2008 spamus
1027 1948 1179 2020 emtus,-

88 2047 119 2106 id
139 2045 225 2122 quod
247 2046 339 2105 etiam
360 2041 557 2108 similitudine
579 2041 711 2116 stabilit,
743 2061 806 2119 qua
826 2043 904 2104 illud
931 2053 1092 2113 assecutus
1120 2055 1179 2115 sibi

86 2156 248 2218 ridebatur
263 2171 357 2215 ,essee
388 2153 508 2230 Corpus
538 2154 613 2212 solis
633 2154 778 2230 producit
799 2155 923 2230 radios,
946 2158 1053 2222 anate
1070 2164 1108 2222 ot
1126 2181 1179 2226 η.

88 2267 142 2326 diis
161 2265 308 2343 procedit
328 2251 456 2324 lumeni
485 2263 527 2322 Et
554 2265 614 2324 hoc
643 2263 724 2324 idem
750 2270 815 2338 eat,
844 2267 877 2326 iu
897 2285 968 2346 ouo
998 2273 1178 2348 exponendo

86 2381 228 2438 vomatur
256 2375 388 2452 nmmum
416 2380 512 2452 caput
538 2376 608 2436 libr.
629 2394 687 2452 pro
711 2375 828 2438 concil.
850 2377 986 2441 Floreat
1001 2413 1045 2425 -
1072 2383 1130 2447 flii
1149 2389 1178 2446 ,i
1207 2421 1210 2428 .

87 2489 237 2568 reiragari
259 2486 418 2560 videntur,
441 2503 521 2562 quae
543 2490 617 2546 sunt
636 2505 669 2564 p.
691 2487 740 2546 br
768 2489 1024 2566 quemadmodum
1045 2495 1179 2568 wolin

85 2607 258 2678 ¹(fenerator
286 2599 326 2656 ab
359 2599 483 2670 anima,
510 2604 544 2656 et
572 2600 706 2672 spirtum
733 2606 834 2658 sanct.
850 2601 998 2673 procedit
1026 2622 1047 2660 o
1066 2613 1180 2686 palm

14 2711 15 2734 ³
94 2727 156 2766 non
175 2711 239 2768 tam
260 2705 455 2786 cogitandum
476 2709 525 2764 est
545 2706 584 2766 de
605 2706 737 2782 quadam
759 2709 869 2766 mentis
898 2710 1062 2784 verietate,
1091 2720 1180 2788 quui

93 2837 197 2878 coram
216 2819 421 2896 imperatote,
442 2815 551 2874 barum
573 2833 676 2874 rerem
697 2814 767 2876 rudi
789 2819 881 2892 atque
903 2823 1036 2895 experte,
1057 2821 1181 2888 bcueffl

87 2927 178 2988 modo
200 2927 374 3004 boc-modo
396 2927 474 2986 illud
489 2923 654 3003 ¹prolerre,
683 2929 787 3002 prouti
809 2928 932 3008 liuguae
954 2929 1126 2996 volubilitas
1148 2943 1180 2998 ot

88 3058 192 3100 rerum
215 3041 363 3100 connexio
387 3037 605 3114 postulaverim
626 3034 681 3096 scd
703 3039 768 3096 tum
789 3037 827 3098 de
848 3039 998 3118 imaginis,
1022 3061 1083 3120 qun
1096 3063 1179 3109 mus

87 3154 152 3225 cst,
174 3151 314 3224 rationo,
342 3151 409 3208 tum
431 3145 469 3207 de
492 3147 553 3208 alio
574 3146 704 3221 auxilio,
728 3167 790 3224 qno
812 3148 866 3212 illa
887 3149 1094 3228 discrepantia
1116 3157 1180 3220 elc-

85 3266 183 3322 retur.
227 3261 396 3339 Imaginem
418 3257 502 3317 duxit
524 3277 561 3319 ex
583 3258 694 3332 anima,
715 3261 752 3320 ut
765 3255 909 3321 trinitatis
926 3264 1076 3326 nudatam
1092 3286 1180 3329 men.

87 3376 210 3432 strarm.
250 3372 366 3438 ,Anima
394 3367 539 3446 producit
567 3369 799 3450 et-sermonem
827 3371 861 3433 ei
884 3369 1049 3449 spiritum,
1075 3379 1122 3439 sie
1142 3384 1181 3442 ‚ot

85 3501 167 3542 nnus
190 3483 287 3555 deus,
320 3482 389 3540 ie.
409 3497 506 3540 norom
533 3479 587 3538 dei
609 3479 801 3554 principiam
831 3481 896 3550 tum
912 3479 1020 3550 filium
1042 3495 1181 3565 genunt,

85 3597 152 3654 tum
175 3595 328 3670 spiritum,
351 3593 388 3650 ut
409 3590 507 3668 ajunt,
528 3589 635 3665 spirat
678 3588 745 3648 Non
766 3577 957 3668 linquens
970 3592 1012 3658 ne
1027 3595 1098 3670 oo,
1119 3617 1182 3660 ma

84 3707 118 3764 in
140 3703 280 3764 triuiiate
302 3720 454 3778 persona,
475 3700 530 3760 sed
553 3700 591 3760 de
614 3698 711 3778 ipsius
733 3698 826 3760 diuini
846 3701 978 3766 numinis
999 3679 1182 3785 substantia,

86 3835 169 3892 quae
195 3815 326 3872 animam
347 3813 512 3872 humanam
541 3827 713 3888 exaequans
735 3811 867 3881 duorum
888 3814 937 3872 est
957 3829 1084 3892 caussa,
1117 3839 1183 3882 ω.

85 3927 188 3985 monis
214 3928 245 3984 et
267 3924 403 3999 spiritns.
448 3923 638 3998 Quamquam
671 3923 765 4000 igitur
794 3924 891 4000 ipsius
913 3923 1052 4004 imaginis
1074 3933 1184 3992 natum

85 4035 285 4098 Gennadium
306 4033 472 4110 prohibuit,
495 4034 656 4110 quominus
675 4033 763 4110 juxta
782 4037 914 4110 petrem,
927 4036 1060 4110 ‚spiritns
1076 4045 1185 4101 aucto.

84 4166 172 4221 rem,
204 4149 337 4221 poneret
359 4146 390 4204 et
409 4143 524 4214 dlium3
557 4147 674 4216 museo,
695 4149 757 4201 nou'
779 4144 817 4202 de
840 4144 1038 4219 precessione
1060 4153 1185 4226 spiritus

88 4255 193 4314 sancti
217 4273 324 4334 agens,
348 4254 402 4312 sed
426 4253 464 4311 de
487 4253 555 4326 deo,
578 4255 789 4313 universorum
813 4266 939 4328 caussa,
962 4276 1043 4334 uno,
1068 4263 1186 4326 duobus

88 4365 159 4424 aliis
183 4367 213 4423 in
237 4383 323 4424 suam
354 4369 496 4422 naturam
526 4383 562 4420 ex
593 4383 625 4423 se
649 4365 769 4437 ascitis,
803 4384 863 4423 nou
895 4365 932 4424 de
955 4385 1011 4428 sua
1035 4376 1187 4436 sententia

870 4475 888 4530 b
