2896 5180
269 459 314 502 ax
657 431 978 522 Prologomena.

268 619 458 678 ordinatione
481 614 532 674 ille
554 618 618 674 tum
640 615 670 672 in
683 601 878 674 ¹catechismo
901 616 1017 674 minore
1041 618 1210 693 proposita,
1240 619 1279 680 ab
1294 621 1364 698 „nae

261 728 435 787 „orthodoxe
469 725 661 784 consessione
683 725 847 798 recedant,
878 724 992 785 nullam
1014 725 1107 810 hujus
1132 715 1216 804 apud
1237 731 1364 791 Russus

189 865 192 870 ¹
268 857 336 899 esse
367 836 599 913 auctoritatem3
627 834 768 896 ridentur
796 839 899 895 tamen
920 835 1005 895 ‘baec
1036 836 1212 898 discrimina
1245 844 1364 915 partim
1438 821 1439 892 J

266 968 367 1026 peuce
384 965 453 1007 esse
476 949 507 1006 et
528 945 636 1023 exilia3
666 945 777 1022 partim
799 946 866 1022 ipse
886 945 937 1004 ille
961 947 1093 1023 scriptor
1117 949 1277 1010 consessus
1302 957 1364 1026 est,
1438 975 1439 1032 q

264 1061 296 1118 ln
327 1057 465 1135 plurimis
495 1057 633 1134 partibus
669 1053 847 1134 religionem
887 1055 1075 1116 Graecorum
1116 1061 1147 1118 et
1184 1060 1363 1122 Russorum
1438 1071 1439 1106 ἒ

258 1173 350 1229 recte
370 1167 424 1227 illo
443 1167 521 1226 libro
544 1153 710 1242 symbolice
728 1166 887 1225 contineri.
931 1167 1063 1226 Unicum
1084 1169 1255 1242 symbolum
1278 1193 1362 1233 nun·
1438 1167 1439 1242 ζ

264 1280 388 1356 cupavit
406 1279 488 1337 hunc
511 1277 623 1336 librum
646 1277 736 1336 etiam
755 1275 910 1334 Frischius
933 1278 962 1335 in
987 1278 1129 1354 praeiet,
1153 1300 1243 1356 quam
1266 1303 1362 1359 prae·
1438 1337 1439 1340 ,

264 1391 344 1448 misit
373 1390 545 1464 interpreti.
569 1373 787 1458 Germanicae,
816 1387 966 1460 testatus,
1002 1405 1034 1448 se
1069 1387 1106 1448 de
1138 1409 1255 1452 summa
1285 1394 1360 1456 libri

263 1500 446 1560 auctoritate
469 1501 506 1557 ab
530 1499 604 1572 ipsis
625 1496 736 1556 Russis
766 1497 927 1556 certiorem
950 1498 1065 1557 lactum
1090 1517 1166 1560 esse.
1209 1503 1287 1562 Item
1311 1504 1359 1564 le-

264 1612 362 1690 gimus
385 1608 467 1684 apud
488 1607 696 1665 Holmannum
719 1605 805 1680 (hist.
824 1607 890 1666 Cet.
915 1608 945 1680 §-
964 1603 1021 1688 9.),
1044 1628 1077 1668 se
1100 1629 1135 1668 er
1151 1611 1254 1672 multis
1270 1615 1357 1674 Rus-

263 1725 323 1793 sis,
346 1720 526 1796 quibuscum
549 1717 786 1776 familiaritatem
807 1718 966 1791 babuerit,
996 1721 1180 1794 quaesivisse
1197 1722 1246 1782 -de
1269 1728 1357 1786 cate-

253 1832 368 1892 ·ebismi
390 1830 569 1902 sanctitate,
592 1828 709 1904 sibique
734 1845 854 1904 semper
875 1847 1059 1904 responsum
1082 1849 1163 1906 esse,
1186 1836 1301 1910 optime
1323 1841 1356 1897 et

251 1943 430 2004 certissime
460 1959 495 2000 ex
536 1958 572 2000 eo
611 1938 790 2018 religionem
822 1939 1022 1998 Orientalium
1061 1961 1153 2018 posse
1196 1951 1354 2024 cognosci.

261 2055 457 2130 Quapropter
487 2051 578 2110 etiam
610 2051 661 2126 qui
691 2069 753 2108 non
784 2049 821 2110 de
852 2051 926 2126 ipsis
950 2049 1099 2130 dogmatis
1130 2054 1186 2114 sed
1207 2055 1245 2116 de
1269 2061 1355 2120 statu

258 2165 308 2224 vel
330 2164 368 2223 de
392 2161 477 2222 cultu
499 2161 580 2219 illius
598 2150 754 2221 'ecclesiae
779 2161 986 2237 scripserunt,
1016 2182 1052 2220 ex
1072 2163 1131 2222 bac
1156 2166 1353 2230 confessione

259 2273 353 2335 veluti
376 2293 411 2334 ex
432 2274 525 2332 totius
555 2265 703 2332 ccclesiae
733 2270 932 2330 fundamento
964 2277 1076 2332 cuncta
1105 2279 1246 2351 repetere
1276 2283 1353 2340 satis

258 2384 442 2446 babuerunt.
487 2383 539 2441 Sic
560 2400 628 2442 rem
656 2399 742 2441 suam
771 2385 932 2440 exsecutus
961 2386 1007 2442 est
1028 2385 1082 2444 m.
1106 2385 1260 2450 Smitbe‘us
1283 2392 1352 2452 alii-

258 2515 329 2572 que,
361 2494 466 2570 etqui
489 2493 698 2558 recentissime
721 2511 756 2551 ex
781 2492 848 2568 ipsa
871 2491 1042 2552 Russorum
1066 2499 1157 2574 gente
1180 2498 1219 2557 de
1242 2506 1350 2579 sacris,
1438 2549 1439 2552 ,

258 2625 337 2684 quae
359 2603 598 2664 obireoificium
622 2606 685 2678 est,
716 2603 855 2678 exposuit
875 2603 1075 2682 illurawieff,
1107 2611 1247 2682 superior
1276 2633 1351 2688 pro-

141 2753 147 2762 ·
257 2719 419 2778 curaturae
443 2714 567 2791 adjutor
598 2713 637 2772 ad
665 2715 803 2773 sanctam
826 2713 993 2790 synodum,
1022 2716 1113 2793 cujus
1134 2706 1258 2781 libellus
1282 2725 1346 2784 ele·

246 2831 366 2908 gauter
390 2829 421 2884 et
443 2825 637 2904 sagacissime
660 2825 852 2899 conscriptus
876 2843 893 2884 a
914 2825 1066 2886 Muraltio
1097 2830 1129 2888 in
1151 2835 1347 2896 vernaculam

256 2953 363 2998 versus
386 2937 452 2994 ests
483 2932 599 3008 Briefe
619 2933 699 3023 elder
718 2935 779 2993 den
803 2935 1018 2996 Gottesdienst
1040 2938 1098 2997 cler
1119 2945 1348 3020 mergenliindl-

254 3050 352 3109 seben
374 3044 511 3118 Kircbe,
541 3044 651 3117 Leipz.
671 3041 783 3118 1838„
814 3044 863 3102 cui
895 3045 1053 3106 addendus
1086 3049 1133 3109 est
1161 3052 1285 3115 libellus
1310 3061 1347 3117 ab

254 3160 323 3235 ipso
334 3153 477 3220 Mureltio
501 3154 712 3230 conscriptus:
734 3155 954 3216 Erkldrender
970 3159 1101 3239 Anhang
1114 3180 1153 3222 zu
1173 3165 1233 3226 den
1248 3171 1346 3231 Bric-

251 3267 309 3347 [οη
331 3270 390 3326 etc.
412 3282 436 3325 s.
458 3265 615 3328 Leaidion
637 3267 694 3349 der
715 3269 927 3344 morgenlc'ind.
949 3269 1068 3330 Kircbe
1097 3275 1179 3332 auct
1208 3277 1270 3338 dms
1293 3282 1345 3340 be-

254 3387 324 3440 sten
359 3373 575 3452 schriftlicben
610 3397 641 3436 u.
676 3375 872 3438 miludlicben
899 3379 1053 3456 Quellen,
1089 3384 1221 3463 Leipzig
1253 3387 1347 3460 1838.

252 3491 316 3551 Nec
337 3488 441 3566 potest
462 3487 565 3562 prisca
587 3485 641 3548 illa
669 3488 700 3546 et
722 3488 760 3547 eb
783 3489 865 3547 omni
887 3495 976 3564 parte
998 3495 1246 3557 commendabilis
1270 3520 1347 3562 con-

243 3603 346 3665 tessio
369 3598 409 3659 ad
430 3600 563 3658 veterem
584 3615 672 3656 suam
693 3596 838 3678 gloriam,
869 3601 893 3658 si
925 3601 1012 3676 quid
1028 3604 1056 3664 ei
1085 3623 1218 3680 unquam
1242 3591 1347 3672 detra-

189 3720 192 3726 ’
236 3713 335 3769 ctum
357 3710 406 3782 sit,
427 3707 487 3767 bac
509 3709 691 3782 tempestate
713 3727 775 3769 non
797 3712 975 3790 pervenire,
999 3731 1059 3788 que
1080 3717 1284 3792 potentissimi
1309 3744 1346 3783 ac

250 3820 407 3882 fortissimi
429 3817 621 3894 imperatoris
644 3819 807 3896 auspiciis,
837 3821 889 3897 qui
918 3823 1078 3900 hucusque
1103 3828 1184 3896 intre
1216 3833 1263 3888 sui
1286 3835 1344 3894 im-

250 3931 327 4009 perii
350 3928 427 4020 fines
451 3926 673 3992 catholicorum
695 3927 839 4010 dogmata
861 3935 969 3993 sectati
992 3939 1081 4009 sunt,
1105 3937 1144 4001 ad
1167 3940 1265 4001 avitae
1290 3965 1343 4004 ec-

236 4029 363 4118 selesiee
388 4040 515 4127 gratiam
539 4035 683 4098 redirent.
728 4039 814 4116 Quae
837 4043 957 4118 quidem
988 4065 1038 4106 res
1069 4047 1261 4124 imperatoris
1284 4075 1343 4132 po-

250 4152 411 4211 tentissimi
440 4148 629 4226 sapientibus
667 4150 802 4210 consiliis
832 4172 868 4212 eo
902 4157 997 4234 magis
1029 4156 1134 4220 debuit
1166 4133 1342 4240 convenire,

250 4281 310 4342 quo
333 4262 429 4338 magis
452 4260 627 4336 amplissimi
649 4261 767 4338 imperii
796 4267 903 4344 gentes
935 4267 965 4326 in
993 4287 1087 4329 unum
1111 4271 1287 4336 coalescere
1311 4278 1342 4336 in

249 4375 329 4434 rotis
352 4371 453 4434 babet.
