2896 5180
270 452 354 498 xxvi
655 425 975 516 Prolegomena.

268 614 353 674 Alex.
384 613 458 674 illuc
489 615 612 671 missum
643 611 738 670 fuisse
772 607 854 666 dicit.
882 600 988 670 ⁴listro
1021 603 1142 682 quidem
1171 605 1365 686 legationem

269 743 338 786 eum
368 725 540 800 suscepisse
568 721 655 782 cunis
688 717 779 779 1612.
809 721 839 778 et
864 715 966 789 1613,
996 719 1090 776 testes
1112 721 1185 776 sunt
1206 717 1364 794 epistolae

269 855 364 912 supra
385 837 513 907 citatae3
529 835 576 891 'iu
606 832 716 908 quibus
746 830 784 888 ab
814 829 873 888 hoc
894 827 1024 888 molesto
1048 827 1157 888 itinere
1188 847 1233 904 se,
1264 847 1364 905 quam

269 944 426 1008 celerrime
448 942 515 1004 fieri
536 941 651 1018 possit,
685 939 796 1000 reverti
826 937 904 998 velie
927 937 1096 1018 significat,
1124 939 1161 998 ut
1181 938 1276 998 libros
1300 937 1366 998 sibi

269 1056 462 1116 transmissos
485 1071 546 1112 non
569 1052 685 1112 cursim
714 1049 770 1110 sed
791 1052 876 1110 serio
904 1043 1045 1130 legat1).
1088 1049 1138 1110 Ad
1159 1049 1240 1110 lares
1261 1050 1367 1111 redux

269 1185 301 1226 se
331 1165 371 1225 ad
397 1164 555 1238 Meletiunr
582 1161 717 1240 Pegum,
754 1177 815 1236 quo
841 1157 906 1236 jam
937 1163 1140 1237 praeceptore
1169 1179 1238 1220 curn
1268 1179 1366 1220 usum

267 1277 363 1337 inisse
385 1274 522 1352 conjeci,
552 1288 619 1330 sese
641 1268 771 1328 contulit
786 1263 839 1348 2);
870 1270 920 1327 cui
937 1268 1002 1345 jam
1025 1270 1064 1328 ab
1082 1268 1231 1347 juvenilia
1257 1270 1366 1330 studia

267 1387 415 1465 probatus
436 1385 479 1444 ita
500 1400 568 1442 sese
591 1378 829 1452 commendavit,
862 1384 897 1438 ut
925 1380 962 1438 ab
984 1380 1053 1456 ipso
1075 1379 1156 1440 inter
1180 1383 1363 1444 sacerdotes

267 1497 412 1572 receptus
442 1495 474 1554 et
500 1490 605 1570 paullo
636 1493 707 1567 post
727 1488 992 1550 Archimandritae
1021 1492 1138 1550 honore
1168 1496 1278 1552 anctus
1308 1496 1362 1554 sit.

269 1606 332 1667 Sed
352 1624 421 1664 mox
441 1601 481 1664 ed
515 1600 633 1679 majore
652 1598 834 1660 Patriarcha
865 1599 989 1660 doctum
1019 1604 1050 1660 et
1079 1604 1239 1664 strenuum
1261 1606 1364 1664 virum

269 1717 416 1778 adhibuit.
460 1716 560 1790 Quum
590 1712 670 1794 enim
702 1711 826 1770 ineunte
857 1711 973 1770 saeculi
993 1711 1073 1771 XVI.
1104 1712 1212 1772 ultima
1243 1714 1362 1776 decade

270 1828 406 1887 Graecae
429 1824 572 1896 scholae,
605 1839 684 1898 quae
705 1821 812 1882 Vilnee
834 1820 956 1893 floruit,
986 1823 1069 1880 esset
1089 1825 1210 1898 rector,
1239 1825 1361 1888 Petrus

269 1938 393 2016 Scurqa
407 1931 460 2012 ⁸),
491 1934 544 2008 qui
574 1931 634 1992 tuit
656 1951 692 1992 ex
712 1931 899 1996 desuiterurn
927 1929 1088 2004 sodalitio,
1117 1932 1150 1990 id
1181 1934 1361 2011 elaboravit,

217 2081 220 2088 ,
268 2052 321 2122 ut,
352 2064 432 2122 quae
452 2041 645 2104 Ruthenicae
667 2043 841 2120 provinciae
864 2041 1059 2120 sigismundo
1080 2042 1148 2116 HL,
1169 2044 1362 2109 Poleam-um

269 2158 344 2238 regi,
369 2155 528 2233 subjectae
551 2155 677 2228 essent,
691 2152 723 2212 in
744 2153 782 2212 iis
804 2151 972 2212 orthodoxa
1001 2152 1130 2214 ecclesia
1161 2173 1231 2214 cum
1254 2159 1362 2218 catho-

268 2269 329 2328 lica
358 2265 556 2326 coalesceret
603 2265 689 2339 Quae
718 2262 840 2338 quidem
870 2263 943 2322 uuio
974 2273 1069 2338 quum
1096 2266 1163 2344 regi
1196 2265 1361 2329 admodum

267 2377 423 2455 placeret,
444 2374 558 2454 quippe
580 2374 632 2450 qui
654 2373 723 2434 illas
745 2373 886 2452 regiones
910 2391 948 2432 eo
969 2372 1172 2450 subjectiores
1197 2376 1264 2435 fore
1287 2397 1360 2454 spe-

267 2491 360 2563 raret,
381 2487 493 2566 partim
516 2485 676 2560 riparum
699 2483 771 2543 doio
794 2483 935 2542 coniecta
953 2486 1009 2542 est.
1055 2483 1220 2545 Cesserunt
1237 2487 1360 2548 Ruthe-

268 2617 377 2662 uorum
399 2595 538 2659 nonnulli
560 2565 714 2674 episodpi,
737 2613 776 2654 ue
797 2597 926 2672 propter
948 2593 1126 2673 religionem
1149 2595 1186 2656 de
1209 2596 1357 2676 dignitate

266 2775 497 2790 W

337 2863 365 2930 1)
385 2857 784 2929 Lettresuueedoieap.160.
820 2857 892 2911 Puto
914 2857 950 2912 ob
965 2863 1160 2916 controversias
1184 2861 1209 2915 in
1228 2862 1273 2916 iiia
1289 2871 1361 2918 tura

268 2951 336 3000 inter
355 2945 494 3000 Romanos
515 2951 540 2997 et
553 2943 674 2996 Graecos
697 2951 803 2996 exortas
828 2952 854 2997 et
876 2941 973 2998 diutius
996 2963 1088 3016 pacem
1112 2947 1266 3011 turbantes,
1285 2957 1360 3003 certe

268 3033 304 3088 ob
321 3030 500 3099 aemuliqunm
516 3028 550 3082 ad
568 3028 706 3081 ecelesiam
723 3035 896 3097 spectantem,
911 3029 962 3082 iter
972 3047 1031 3084 eum
1046 3031 1233 3103 secisse··jussu
1243 3035 1360 3088 Alexan-

268 3117 335 3172 drini
350 3113 530 3170 patriarchae.
565 3111 642 3164 Hunc
656 3111 725 3164 eninr
747 3112 774 3164 in
788 3111 841 3165 hoc
855 3121 913 3166 toto
929 3130 1027 3182 genere
1041 3116 1151 3170 aiterum
1173 3121 1249 3188 quasi
1267 3129 1358 3173 eusto-

268 3203 328 3258 dem
346 3201 446 3266 fuisse,
465 3205 491 3252 et
507 3196 645 3265 sequentia
660 3195 759 3250 docent
778 3205 804 3250 et
822 3197 881 3267 ipse
895 3197 1006 3268 Cyriihrs
1025 3199 1096 3265 dicit,
1114 3200 1227 3256 Letum
1240 3221 1268 3276 p.
1283 3209 1360 3260 150.ι

268 3287 351 3347 Quod
369 3288 392 3340 si
410 3285 472 3356 quid
493 3281 664 3353 praeterirent
689 3280 796 3352 (reliqui
819 3283 971 3352 episcopi),
990 3283 1068 3336 Aiex.
1083 3283 1167 3353 judex
1191 3297 1233 3340 est
1256 3289 1359 3342 vicinus

267 3373 301 3427 ud
315 3372 477 3426 limitandum
492 3376 520 3423 et
534 3367 716 3438 corrigendum
736 3383 778 3431 eu,
796 3368 908 3420 maxime
923 3383 991 3436 «puae
1007 3367 1041 3419 ed
1063 3366 1144 3422 fidem
1160 3379 1290 3440 spectant.

333 3457 362 3526 2)
382 3453 609 3527 Enpeldardiius
632 3451 665 3506 H.
681 3449 777 3510 ulii.
800 3455 842 3507 96.
869 3452 946 3515 dicit,
971 3449 1110 3505 Meietium
1132 3453 1235 3510 Patavii
1265 3461 1360 3512 studiis

266 3541 435 3607 incubuisse,
452 3547 478 3594 et
498 3531 728 3608 Constantinopoli
746 3551 854 3590 munere
875 3538 969 3590 eccles.
994 3547 1070 3607 gesto
1093 3540 1128 3592 ad
1148 3539 1359 3596 patriarchatum

266 3627 343 3680 Alex.
359 3637 483 3680 vocatum
505 3641 574 3679 esse.
608 3627 741 3676 Auctores
761 3637 812 3692 ego
831 3623 936 3692 ignoro,
952 3623 995 3690 qui
1011 3623 1074 3675 teitu
1090 3624 1253 3678 tradiderint.

334 3711 364 3779 3)
383 3709 461 3764 Hunc
474 3717 547 3763 certe
563 3709 655 3762 dicunt
666 3705 887 3780 Repeuuoiceiue
900 3705 935 3759 ii.
950 3705 983 3760 E.
998 3706 1110 3762 Siavon.
1125 3727 1151 3780 p.
1163 3713 1223 3766 463.
1261 3707 1361 3764 Smltlr

268 3794 412 3848 Goiiectau.
436 3795 471 3849 de
496 3793 596 3864 Cyrtiio
619 3790 812 3848 Lucari1707·
839 3807 865 3861 p·
880 3796 923 3848 56.
961 3791 1107 3864 diepamb.
1130 3791 1260 3848 Biblioth.
1290 3805 1358 3866 patr.

266 3879 395 3935 coedes.
418 3898 440 3934 s.
458 3896 529 3934 voce
546 3875 670 3949 Soarpa.
704 3875 888 3931 Recentissimi
909 3877 988 3946 aliqui
1010 3893 1097 3931 rerum
1120 3880 1360 3934 ecclesiasticarum

264 3974 390 4018 erectores
407 3961 603 4029 Passerinum,
621 3970 740 4032 argutum
760 3959 849 4016 cetera
867 3960 1012 4028 hominem,
1031 3963 1101 4016 iaiso
1121 3966 1211 4020 dicere
1226 3967 1358 4019 videntur.

214 4070 218 4078 ·
265 4047 380 4102 diuitum
398 4045 544 4122 Scarpam
564 4051 590 4104 in
604 4048 700 4102 Russis
716 4047 751 4100 ed
765 4046 905 4100 Romanae
926 4039 1057 4107 ecelesiae
1081 4050 1207 4118 grerniunr
1229 4051 1359 4106 reducen-

266 4135 307 4187 dis
325 4143 459 4189 versatum
478 4153 554 4206 esse,
573 4135 660 4189 docet
683 4132 762 4187 etium
780 4132 862 4201 liber,
891 4150 969 4202 quem
992 4134 1027 4188 de
1048 4134 1197 4190 Rrrssnrum
1221 4137 1358 4190 erroribus

265 4219 418 4281 succussis,
435 4229 545 4292 propter
567 4237 633 4292 quas
653 4219 749 4273 Gracci
763 4235 780 4270 u
794 4216 915 4272 Romana
938 4220 1052 4274 ecclesio
1065 4220 1230 4287 deiecerunt,
1249 4239 1359 4292 compo·

265 4307 325 4361 suit
359 4302 469 4374 Legitur
487 4307 514 4360 in
532 4305 674 4361 Lunum
691 4319 807 4374 corpore
829 4304 986 4374 scriptorum
1010 4305 1044 4359 de
1061 4305 1227 4369 Remorum,
1247 4307 1359 4364 Mosco·

268 4393 390 4449 uiuum
408 4399 435 4448 ct
450 4389 620 4450 Teucrorum
634 4389 771 4462 reiigione.
806 4388 902 4462 Spirae
921 4395 996 4448 1582.
