2896 5180
241 422 327 470 xxrv
626 399 950 493 prolegomene.

243 585 394 657 lesuites,
425 575 528 645 lib'rcs'
549 582 677 645 multum
708 585 806 658 lectos
838 580 992 658 ediderat,
1025 581 1186 643 Merinum
1208 577 1341 662 Margu-

244 701 345 770 ninm,
380 701 470 778 gente
493 700 525 756 et
547 695 716 766 eruditione
739 695 911 768 Graecum,
934 713 1065 772 eumque
1088 695 1187 754 etiam·
1205 685 1347 754 creton:

246 827 325 885 sem,
345 811 381 867 nt
403 824 437 868 ex
459 805 607 885 epistola,
631 821 666 866 ex
688 825 748 883 qua
770 823 864 883 supra
887 805 990 882 aliqua
1011 805 1246 882 descripsimus,
1268 806 1341 865 elu-

247 923 305 978 cet.
350 919 394 980 llx
416 916 523 980 eadem
545 919 634 978 etiam
658 920 797 990 constat,
820 935 882 988 non
905 920 976 984 ente
998 933 1113 976 annum
1136 902 1227 981 1583.
1252 917 1341 976 bunc

246 1029 403 1115 doctorem
421 1026 567 1090 Venetiae
591 1028 718 1102 abiisse,
749 1030 921 1105 permotum
943 1027 1075 1102 iortame
1100 1025 1172 1088 belli
1195 1028 1341 1086 tumulti·

246 1141 322 1214 bns,
344 1138 531 1216 quodcirca
552 1139 605 1198 illa
626 1143 766 1216 tempore
787 1139 895 1198 Veneti
918 1153 995 1198 curu*
1010 1137 1122 1196 Tarnis
1144 1137 1342 1212 babuerunt3
1437 1203 1438 1206 Ἴ

247 1265 346 1327 neque
369 1250 516 1326 cyrillum
539 1255 609 1312 ante
632 1249 771 1324 eumdem
794 1253 907 1324 anuum
928 1250 1063 1320 Venetiis
1091 1247 1189 1308 literis
1212 1267 1343 1324 operam
1437 1235 1438 1242 ἵ

247 1380 383 1421 novasse.
426 1357 550 1426 Invenio
572 1360 653 1452 apud
676 1361 862 1423 recentiores
885 1361 1038 1431 auctores,
1061 1359 1112 1450 qui
1136 1359 1175 1418 (le
1196 1361 1255 1418 boc
1278 1361 1344 1436 Cy-

247 1471 316 1532 rillo
339 1476 485 1552 egerunt,
507 1491 577 1534 eum
598 1473 765 1546 Pqtcvium
788 1489 910 1548 qnoque
935 1469 1074 1544 adiisse(
1088 1469 1120 1528 id
1142 1471 1224 1546 quod
1247 1471 1342 1544 iacile

248 1583 287 1641 ob
317 1583 379 1644 loci
408 1583 670 1660 opportuniorem
704 1586 736 1642 et
764 1582 875 1647 fernam
906 1585 938 1640 et
976 1581 1131 1668 ingentem
1162 1584 1193 1642 in
1223 1583 1343 1658 Gyrillo
1435 1567 1438 1630 Ῐ

249 1695 393 1753 scientiae
416 1693 557 1752 ardorem
580 1691 806 1769 credipotest,
830 1690 1069 1766 deminutione,
1092 1695 1128 1750 ut
1146 1693 1343 1774 Engelhard-

249 1804 308 1862 tius
338 1803 418 1864 Hist.
449 1803 535 1864 Eccl.
557 1801 613 1868 111.
648 1799 717 1874 195,
748 1803 779 1868 et
806 1801 856 1876 alii
879 1775 1028 1863 Venetiae
1046 1803 1229 1882 omittamus,
1252 1826 1342 1882 neve,

248 1917 284 1972 ut
296 1913 472 1982 Bohnstedt
486 1913 517 1984 ¹)
538 1914 732 1994 Marganium
749 1909 867 1978 Patavii
890 1911 1031 1972 docuisse
1053 1913 1209 1984 videamur
1225 1916 1343 1980 dicere.

247 2025 313 2084 Non
343 2041 416 2085 vero
446 2023 550 2085 solum
575 2023 727 2090 audiendo
741 2095 743 2102 Ι
757 2027 788 2082 ot
816 2022 983 2096 discendo,
1012 2041 1116 2086 vorum
1149 2026 1239 2084 etiarn
1261 2027 1342 2086 alio-

246 2153 315 2195 rum
338 2138 494 2210 instituta,
524 2153 625 2194 mores
640 2139 686 2202 ,et
715 2133 880 2214 religiones
908 2151 1009 2193 corum
1030 2133 1160 2194 videndo
1185 2131 1342 2216 ingenium

249 2247 388 2306 excolere
410 2246 554 2306 decrerit.
598 2245 717 2318 Italiam
738 2245 917 2324 peragravit,
933 2247 1046 2320 totam,
1068 2247 1139 2304 vixit
1161 2245 1281 2322 deinde,
1307 2253 1344 2308 ut

248 2355 377 2428 ridetur,
401 2357 515 2416 diutius
539 2356 621 2440 apud
647 2356 852 2427 concremes,
876 2355 946 2416 inde
968 2357 998 2414 in
1021 2355 1160 2436 Belgium
1181 2356 1343 2432 proiectus

250 2469 307 2525 est·
339 2468 428 2542 Quas
445 2471 606 2544 praeterea
622 2467 793 2542 provincias
813 2465 931 2539 adierit,
943 2484 1004 2524 non
1021 2467 1095 2526 satis
1113 2467 1217 2543 liquet,
1230 2485 1286 2526 nec
1304 2489 1340 2528 ex

250 2575 378 2636 aliorum
395 2579 556 2637 auctorum
572 2577 799 2644 narrationibus
817 2577 961 2652 comperi.
1007 2576 1075 2640 Hoc
1093 2595 1186 2640 unum
1208 2581 1337 2654 constat,

250 2707 283 2746 ex
300 2688 347 2746 bis
370 2689 450 2748 inter
462 2688 646 2748 reformatos
661 2687 843 2749 christianos
860 2687 1018 2746 itineribus
1033 2689 1133 2764 ipsum
1150 2688 1271 2750 illorum
1286 2679 1342 2748 ‹lo-

250 2801 365 2858 ctrinee
393 2804 425 2860 et
454 2797 604 2859 ecclesiae
635 2815 778 2876 magnum
808 2799 988 2872 concepisse
1020 2816 1171 2871 umorem,
1202 2798 1280 2858 adeo
1308 2803 1343 2858 nt

171 2949 174 2957 s
250 2909 392 2986 (logmata
427 2923 550 2983 quoque
583 2909 615 2964 et
644 2909 867 2970 controversias
898 2907 929 2964 in
961 2909 1090 2984 patriam
1122 2909 1216 2967 redux
1247 2911 1342 2988 magis

249 3019 405 3097 magisque
437 3034 625 3096 cognoscere
656 3015 787 3092 cupierit
801 3013 844 3094 ²),
888 3013 1019 3075 Narrant
1049 3021 1191 3110 auctores
1221 3017 1343 3106 (Bohu-

248 3181 477 3198 m

320 3258 347 3326 1)
367 3254 481 3310 Dissert.
505 3255 539 3308 de
563 3253 661 3325 Gyriilo
683 3251 781 3307 buceri
803 3251 914 3322 ejusque
939 3269 988 3321 pro
1011 3269 1040 3307 re
1066 3251 1230 3314 Graecorum
1255 3275 1344 3312 emen·

152 3403 154 3410 Ι
250 3341 337 3395 denda
361 3339 562 3408 certaminibus,
591 3339 730 3410 (respond.
756 3336 888 3416 Eteocle)
914 3333 973 3391 Hel.
996 3337 1125 3410 Magrou.
1151 3349 1226 3404 1724.
1254 3363 1279 3414 p.
1302 3350 1343 3401 7.:

256 3423 386 3482 Venetiae
400 3425 614 3496 Patriciumque
630 3423 706 3480 adiit
720 3451 753 3462 --
764 3429 985 3494 praeceptorem
1002 3423 1043 3479 ibt
1064 3435 1167 3484 uactm
1189 3435 1232 3484 est
1247 3427 1343 3484 Muct-

249 3529 328 3566 mum
345 3509 535 3584 Murpuuium
554 3521 603 3565 etc.
1161 3541 1164 3546 n

317 3597 348 3667 2)
369 3595 422 3650 cn.
442 3592 555 3666 epistula
574 3591 935 3652 anno1618.erl·.loauuem
956 3593 1220 3667 Uptenbcpaertem,
1241 3615 1343 3652 remon-

231 3671 385 3734 'strentlum
409 3679 501 3752 flagae
523 3683 680 3745 doctorem,
698 3678 743 3750 qul
767 3679 832 3734 vixit
857 3683 1051 3735 1557-1664.
1075 3690 1101 3734 et
1123 3677 1235 3753 Belgica
1257 3684 1343 3754 lingua

248 3767 284 3819 de
300 3766 381 3820 rebus
397 3767 581 3822 ecclesiasticis
598 3765 693 3818 librum
716 3757 876 3835 composuit,
895 3764 965 3822 date.
1003 3765 1074 3824 luest
1097 3767 1123 3820 iu
1140 3766 1221 3832 libre,
1240 3767 1273 3820 de
1291 3785 1342 3837 quo

248 3850 318 3904 inira
335 3852 422 3922 aliqua
445 3851 547 3906 dicem:
567 3849 680 3904 Lettres
696 3849 847 3906 anecdotor
862 3849 898 3903 de
915 3847 1021 3918 operte
1036 3849 1141 3912 Lucae,
1163 3853 1344 3906 Amsrerdam

248 3940 324 3992 1718.
340 3953 366 4007 p.
384 3939 443 3994 127.
477 3933 543 3989 Non
564 3934 670 4006 quidem
685 3933 756 3987 lrunc
771 3934 855 3987 virum
874 3951 889 3986 a
905 3932 1003 4004 Gyrillo
1019 3943 1081 3989 ante
1103 3935 1236 4004 cognitum
1253 3935 1343 4002 scrisse,

249 4023 323 4074 testis
341 4031 382 4076 est
398 4021 512 4093 epistola
534 4021 595 4076 anui
612 4023 688 4086 1612,
708 4018 791 4088 prima
814 4019 848 4073 ad
873 4020 984 4074 eundem
1006 4021 1079 4088 date,
1097 4037 1150 4092 que
1174 4023 1302 4076 amicitiae
1319 4031 1344 4075 et

251 4107 420 4176 epistolarum
445 4104 594 4160 commercii
614 4103 712 4158 initium
735 4103 806 4157 fecit.
843 4101 938 4158 Elucet
961 4103 1001 4158 his
1024 4105 1106 4159 literis
1133 4107 1243 4161 eximius
1266 4107 1343 4160 animi
1437 4155 1438 4160 ,

251 4191 371 4259 candor,
388 4194 427 4245 rei
454 4191 613 4244 christianae
637 4207 713 4243 umor
729 4205 840 4260 prorsus
864 4191 991 4258 insignis,
1009 4191 1150 4246 liberalitas
1174 4189 1344 4244 vehementer
1437 4221 1438 4228 κ

249 4275 411 4330 admiranda.
449 4274 665 4332 Consemitcnrn
691 4275 803 4329 doctore
820 4276 866 4331 illo
889 4277 914 4326 ln
930 4291 974 4338 eo,
992 4276 1064 4343 quod
1081 4285 1183 4346 petrum
1203 4267 1344 4330 euctoiitac

246 4361 316 4415 nulla
343 4361 466 4414 habenda
488 4363 536 4435 sitq
556 4361 604 4414 sed
628 4361 723 4445 laudat
741 4377 815 4414 suam
831 4359 977 4424 ecclesiam,
996 4360 1057 4428 quie
1074 4377 1131 4414 nou
1152 4365 1247 4425 uenit,
1266 4379 1346 4432 pune·
