2916 5172
291 425 316 490 8
554 421 760 490 Gennadii
791 419 1015 492 Confessio
1066 427 1092 492 l.

381 595 521 664 Modum.
538 602 578 684 ¹).
623 599 664 666 Et
683 593 769 684 vids,
790 601 809 666 i.
831 623 859 666 e.
882 601 966 667 filins
985 596 1073 669 u'nde
1093 603 1232 673 dieitur?

384 741 528 808 Gennad.
571 743 655 810 Υἱὸς
674 744 694 812 i.
718 768 745 812 e.
763 746 851 829 ¹tilius
866 743 982 811 dicitur
998 747 1038 811 ab
1055 746 1117 812 hoo
1133 747 1262 814 nomine
1284 745 1372 828 οἷος,
1456 779 1457 792 ¹

296 851 359 916 hoo
381 861 433 918 est
451 852 542 933 talis3
564 854 666 940 qualis
694 856 778 921 eninr
808 864 911 943 pater,
931 855 1004 920 talis
1025 856 1119 938 filius
1142 863 1175 922 et
1193 856 1373 921 mutatione

298 969 334 1027 οἳ
353 963 385 1026 ἰιι
406 989 442 1030 vz
465 963 624 1028 Graecum
645 965 731 1045 υἱὸς,
752 967 814 1032 hoe
842 975 894 1030 est
921 965 1015 1032 filius
1060 964 1179 1032 Similis
1201 967 1287 1031 enirn
1304 967 1373 1032 Pa·
1456 991 1457 1006 ¹

297 1071 356 1136 tris
379 1081 430 1138 est
451 1071 546 1137 filius.

383 1205 525 1272 Multam.
566 1207 610 1274 Et
632 1153 1026 1305 nvsfip'oi·'ipsse'ispiritus
1045 1207 1131 1274 unde
1152 1209 1294 1276 dieitur?

389 1341 535 1408 Gerooad.
577 1343 628 1408 Ab
649 1342 836 1409 huorono
851 1341 966 1426 ,vodw,
985 1343 1006 1408 i.
1027 1364 1055 1408 e.
1076 1343 1232 1431 intelligo.
1255 1345 1376 1412 Omnia

300 1450 384 1516 euim
412 1451 568 1518 veraciter
598 1461 631 1518 et
659 1462 752 1518 acute
777 1451 926 1541 intelligit
955 1460 989 1518 et
1016 1451 1172 1540 providet.
1229 1453 1373 1541 Spiritus

300 1560 384 1626 enim
399 1569 529 1628 sanetus
545 1561 651 1626 omnia
663 1560 801 1648 inquirit,
813 1567 845 1643 2)
861 1571 895 1628 et
899 1561 1132 1649 profunditates
1148 1562 1244 1634 etiam
1251 1563 1324 1630 Dei.
1339 1571 1372 1646 3)

385 1694 528 1761 Medum.
569 1697 608 1761 In
628 1697 700 1762 Deo
722 1717 804 1783 quae
825 1703 899 1762 sunt
919 1696 1074 1785 principia
1094 1694 1313 1784 productiva?

391 1829 535 1896 Gentnad.
568 1827 684 1912 ¹Unum
712 1828 845 1897 dicimus
877 1830 1066 1918 principium
1096 1831 1318 1918 generativum
1339 1834 1376 1900 in·

300 1938 384 2022 Deo,
404 1939 435 2004 ln
457 1961 485 2004 e.
505 1939 616 2019 Pater,
638 1939 708 2026 ipse
729 1939 813 2007 enim
829 1948 964 2028 generat
980 1939 1079 2005 filium
1100 1950 1132 2005 et
1152 1940 1255 2027 spirat
1276 1943 1373 2031 spiri-

301 2056 369 2113 tum
382 2056 537 2116 sanetum.
568 2047 671 2133 Seios,
693 2048 781 2138 quod
801 2048 892 2115 solus
905 2057 956 2115 est
970 2056 1063 2136 pater
1080 2051 1288 2137 generativus
1306 2052 1375 2137 filii,

199 2230 200 2236 ἵ
302 2156 387 2223 filius
415 2168 521 2225 autern
548 2179 614 2224 non
642 2169 693 2225 est
719 2161 941 2248 generations,
974 2157 1035 2224 sed
1065 2159 1210 2246 genitus,
1238 2161 1374 2248 spiritus

303 2277 434 2334 sanetus
450 2290 514 2335 non
535 2277 587 2333 est
606 2267 824 2357 producdvus,
847 2269 905 2335 sed
921 2269 1108 2356 productus.
1128 2269 1241 2357 Itaque
1256 2271 1376 2358 prinei-

200 2413 213 2444 0
302 2375 390 2466 pium
413 2375 636 2464 productivum
657 2384 708 2443 est
738 2387 831 2465 poter
852 2387 885 2444 et
904 2379 999 2445 etiarn
1019 2378 1122 2460 filius3
1145 2379 1297 2466 prodneti
1318 2404 1375 2448 au-

302 2494 368 2552 tem
387 2496 462 2551 sunt
482 2485 566 2553 filius
588 2495 621 2552 et
642 2487 774 2574 spiritus
794 2497 934 2554 sanctus.
990 2488 1188 2576 Principium
1208 2487 1376 2578 producti-

302 2618 376 2662 vum
397 2597 513 2663 dieitur
535 2605 636 2685 pater,
658 2598 731 2685 quio
755 2607 890 2687 generat
910 2605 943 2664 et
963 2621 1028 2664 nou
1049 2600 1231 2687 generatur,
1253 2600 1376 2688 produ-

303 2706 347 2772 eit
366 2716 400 2773 et
420 2727 484 2774 uon
498 2707 702 2795 producitur3
726 2718 861 2796 generat
875 2697 1003 2798 quidem
1023 2707 1131 2792 filium,
1145 2708 1248 2795 spirat
1268 2718 1376 2776 autem

303 2816 449 2902 spiritum
479 2825 624 2882 sanetum
656 2825 690 2882 et
719 2815 794 2882 ideo
823 2817 937 2883 dieitur
967 2825 1059 2904 pater
1081 2817 1272 2906 principium
1299 2841 1376 2907 pro-

306 2923 477 2990 ductivum.
628 2932 632 2939 '
691 2907 694 2912 ¹
1001 2914 1002 2917 ¹

387 3057 529 3123 Multam.
571 3057 615 3124 Et
635 3065 713 3144 quot
726 3067 801 3124 sunt
814 3079 973 3147 personae
987 3059 1019 3125 in
1035 3059 1148 3126 divinis
1166 3061 1372 3148 productae?

393 3192 537 3260 Gennad.
578 3193 678 3261 Duae,
694 3200 769 3257 suut
796 3192 830 3256 in
852 3191 964 3258 divinis
992 3217 1152 3283 personae
1182 3194 1373 3283 productae,

218 3369 219 3376 χ
305 3301 389 3368 filius
406 3309 440 3368 et
456 3302 586 3395 spiritus
608 3309 758 3386 sanetus„
783 3302 856 3368 Non
870 3312 1004 3389 generat
1018 3304 1103 3370 filius
1117 3303 1176 3370 sed
1192 3315 1377 3395 generatur,

305 3421 479 3502 propterea
500 3412 614 3478 dieitur
635 3411 827 3500 productus:
850 3396 994 3478 similiter
1011 3414 1142 3500 spiritus
1164 3423 1296 3480 sanetus
1312 3438 1376 3481 noo

307 3523 419 3620 spirat,
440 3522 499 3589 sed
520 3521 669 3609 spiratur,
692 3529 725 3587 et
743 3521 817 3587 ideo
847 3519 962 3587 dicitur
990 3523 1177 3612 productus.
1220 3523 1257 3589 Si
1278 3524 1378 3612 igitur

303 3635 522 3723 interrogatus
543 3631 653 3715 fueris
672 3630 706 3696 in
736 3630 849 3696 divinis
879 3653 960 3719 quae
989 3635 1053 3698 sint
1071 3654 1232 3721 personae
1254 3634 1378 3721 produ-

304 3751 440 3812 centes?
469 3739 666 3830 respondes:
696 3737 787 3806 duae.
828 3740 909 3806 Nam
929 3749 1022 3828 pater
1050 3752 1188 3834 generat
1209 3743 1323 3830 fitium,
1344 3753 1378 3810 et

192 3891 201 3909 =
303 3862 397 3942 pater
416 3861 450 3920 et
470 3853 555 3919 filius
573 3851 696 3938 spirant
715 3849 863 3938 spiritum
886 3860 1041 3920 sanetum.

314 4041 508 4060 mn·-

372 4147 400 4210 1)
417 4095 543 4213 Spectant
563 4139 589 4193 in
605 4135 672 4194 libro
683 4136 748 4190 haec
765 4137 846 4193 verba
859 4132 1028 4192 adGennadti
1046 4136 1200 4192 orationem.
1218 4137 1377 4210 Perper-our.

304 4225 409 4282 Deinde
430 4240 513 4298 prave
533 4223 633 4294 ¹legitur
659 4239 708 4293 pro
728 4219 804 4285 uide:
828 4218 913 4292 ὑγιός.
944 4235 945 4240 ’
980 4221 1008 4289 2)
1031 4219 1227 4278 hibernabat:
1259 4225 1377 4296 ruperit,

221 4333 224 4344 ’
305 4310 391 4374 tatem
409 4325 488 4386 supra
504 4308 571 4364 bene
588 4311 722 4380 topotrtt,
740 4307 810 4376 quod
827 4306 877 4361 huc
895 4306 992 4360 induxi.
1060 4309 1088 4374 3)
1106 4305 1126 4360 Ι.
1142 4306 1203 4363 Gor.
1220 4305 1252 4360 ΙΙ.
1273 4315 1314 4364 10.
