2916 5172
362 424 569 495 Gennadii
605 421 847 494 Confessio·
884 429 910 495 l.
1145 430 1168 498 9

184 605 329 671 Multum.
369 603 408 669 In
436 611 547 668 sancta
569 601 726 670 Trinitate
754 604 826 692 quis
847 603 906 670 luit
925 603 1058 691 primus,
1078 615 1171 695 pater

89 743 140 786 an
158 717 243 783 filins
266 739 307 782 an
328 713 461 799 spiritus
481 719 639 778 mrumst

187 850 337 917 Gennad.
364 849 403 913 In
424 854 535 911 sancta
557 845 712 914 Trinitate
733 847 838 914 nullus
857 855 907 913 est
927 848 1049 934 primus
1070 871 1175 939 neque

92 962 239 1044 ultimus,
260 957 320 1025 sed
343 957 436 1023 simul
456 966 558 1044 pater,
578 955 671 1021 simul
693 957 787 1038 filius,
801 957 894 1025 simul
913 967 946 1023 et
962 958 1176 1047 spiritussan-

16 1070 23 1086 '
93 1082 169 1136 ctus
191 1079 227 1135 et
249 1075 423 1157 propterea
442 1066 535 1132 simul
556 1084 621 1130 non
643 1065 783 1134 inchoati
804 1067 952 1134 dicuntur
970 1076 1042 1133 ante
1056 1069 1175 1157 princi-

97 1182 198 1270 pium.
242 1181 333 1244 Deus
354 1199 431 1242 vero
453 1182 547 1263 pater
566 1175 734 1264 principio,
764 1176 839 1243 licet
859 1185 1003 1243 estante
1024 1179 1174 1266 principi-

98 1315 155 1356 um
176 1298 211 1356 et
232 1298 406 1376 propterea
427 1285 542 1351 dicitur
563 1287 633 1350 sine
652 1286 827 1374 principio;
856 1295 889 1352 et
919 1310 984 1352 non
1004 1287 1173 1355 inchoatus

98 1401 197 1479 filius,
219 1421 285 1463 non
308 1397 474 1462 inchoatus
496 1392 626 1482 spiritus
648 1404 789 1460 sanctus.
812 1397 855 1462 Et
869 1419 946 1463 ecce
964 1398 1058 1462 simul
1079 1421 1175 1465 coae-

49 1561 53 1568 .
101 1511 195 1594 terni,
217 1516 250 1574 et
272 1506 377 1573 nullus
398 1505 533 1593 primus,
548 1505 653 1569 nullus
668 1504 797 1592 ultimus
819 1507 852 1572 in
873 1516 984 1572 sancta
1006 1506 1181 1575 Trinitate'

188 1643 333 1710 Multam.
354 1643 397 1707 Et
411 1640 542 1729 spiritus
558 1649 687 1705 sanctus
696 1640 858 1728 quomodo
872 1641 1044 1728 procedite
1056 1649 1175 1731 patret
1197 1656 1198 1662 ’

193 1778 340 1845 Genuad.
382 1778 589 1862 Interrogare
610 1774 652 1840 de
681 1774 744 1841 hoe
772 1775 900 1840 minime
919 1784 953 1841 te
975 1777 1078 1860 decet,
1111 1800 1176 1846 non

104 1899 155 1956 est
168 1885 419 1976 interpretabile,
434 1892 573 1950 attamen
587 1881 719 1949 addisce
727 1907 848 1973 quaeso
864 1885 906 1951 de
919 1885 981 1951 bac
996 1907 1048 1951 re:
1066 1905 1175 1974 quem-

103 1998 280 2067 admodum
301 1994 433 2083 spiratio
455 1992 591 2058 hominis
613 1993 762 2082 procedit
782 1995 968 2100 abanim,
998 1996 1043 2062 ita
1062 2004 1095 2063 et
1109 1998 1175 2087 spi·
1246 1995 1256 2015 '

102 2111 185 2177 ritus
207 2115 338 2175 sanctus
361 2101 508 2192 procedit
529 2125 548 2167 a
570 2111 672 2189 patre.
978 2189 980 2194 Ι

192 2241 338 2309 Multam.
380 2238 496 2304 Utrum
515 2235 589 2302 loco
611 2236 755 2325 capiatur
774 2238 865 2303 Deus
887 2259 929 2304 an
950 2247 1043 2307 nont

203 2373 351 2442 Genucd.
392 2369 618 2436 Animadverte
640 2378 673 2436 et
701 2370 861 2460 intelliges
892 2371 1072 2461 diligenter,
1093 2376 1182 2464 quod

103 2491 199 2554 Deus
220 2487 328 2552 lumen
357 2489 409 2547 est
438 2479 594 2545 invisibile
614 2488 648 2544 et
668 2481 742 2546 loco
763 2504 828 2546 non
848 2484 1053 2570 receptabile,
1075 2509 1179 2575 neque

106 2598 208 2686 igitur
228 2593 403 2683 adspicitur
422 2591 524 2673 Deus,
543 2611 648 2676 neque
667 2592 839 2677 respicitur
863 2591 896 2657 in
916 2601 995 2676 toto,
1016 2595 1069 2659 ubi
1091 2595 1180 2661 habi-

106 2715 234 2772 taturus
256 2714 288 2770 et
319 2708 558 2790 receptaturus3
590 2699 696 2786 itaque
728 2701 848 2766 clarum
879 2701 1179 2792 manifestatumque

108 2826 171 2900 est,
193 2813 281 2904 quod
302 2835 366 2878 non
388 2809 540 2896 recipitur
558 2808 590 2874 in
612 2831 676 2875 uno
691 2809 775 2894 loco,
798 2809 857 2876 red
877 2811 909 2875 in
928 2817 997 2877 toto
1013 2821 1046 2878 et
1060 2813 1178 2912 ubique
1238 2843 1241 2850 ·

108 2926 207 2994 adest
232 2926 332 2989 Deus.
374 2921 481 2988 Etiam
508 2917 654 2984 audivisti
684 2921 726 2986 de
754 2928 865 2986 saneta
894 2920 1060 3006 Trmitate,
1091 2922 1179 3010 quod

107 3059 175 3102 nna
195 3055 336 3122 persona
368 3039 419 3096 est
438 3029 547 3113 Pater,
570 3030 671 3096 altera
692 3053 769 3097 vero
801 3031 939 3118 Spiritus
965 3032 1112 3116 Sanctus,
1146 3039 1202 3098 etx

109 3148 175 3214 alia
193 3144 296 3210 Filius
313 3151 346 3207 et
357 3139 509 3209 Verbum.
531 3139 619 3204 Ecce
633 3140 731 3228 igitur
752 3141 848 3224 scias,
864 3141 951 3228 quod
964 3142 1016 3209 hic
1032 3143 1116 3208 filius
1132 3143 1179 3208 in-

110 3257 210 3323 dutus
231 3260 282 3319 est
302 3271 398 3317 came
419 3248 555 3314 humana
577 3255 610 3312 et
639 3249 808 3315 ambulavit
829 3251 860 3316 in
880 3259 977 3334 terra,
998 3261 1030 3317 et
1049 3261 1179 3340 postea-

112 3387 209 3455 quam
232 3361 332 3428 induit
353 3379 484 3426 carnem
505 3365 539 3421 et
559 3359 728 3424 ambularit
740 3359 773 3424 in
793 3367 880 3425 terra
900 3381 974 3425 cum
994 3383 1100 3445 carne,
1122 3384 1181 3427 no-

111 3476 252 3545 minatus
273 3480 324 3538 est
343 3471 442 3536 Jesus
463 3475 496 3532 et
516 3466 692 3554 appellatus
717 3469 873 3534 Christus.
907 3469 1011 3556 Igitur
1033 3470 1180 3536 Christus

112 3586 201 3652 tilius
216 3592 249 3650 et
261 3581 392 3648 verbum
406 3578 469 3644 Ilei
483 3584 534 3642 est
547 3576 740 3662 incarnatus,
754 3577 875 3644 hebens
885 3577 1022 3646 formam
1036 3579 1182 3647 hominis.

201 3740 344 3808 Mulsum.
394 3737 465 3819 Qua
500 3735 691 3803 necessitate
726 3735 841 3804 ductus
871 3737 957 3802 tilius
987 3744 1021 3802 et
1051 3740 1184 3808 verbum

114 3853 177 3923 Dei
197 3852 380 3932 incantatus
400 3856 461 3931 est,
480 3854 517 3912 ut
536 3845 710 3912 ambularet
731 3855 767 3912 ut
785 3846 882 3912 homo
903 3847 937 3912 in
957 3845 1101 3914 mundos

208 4008 353 4077 Gertoud.
402 4008 581 4093 Postquam
608 4005 832 4095 interrogasti,
860 4029 921 4094 qua
950 4027 1066 4072 caussa
1094 4009 1185 4075 Deus

117 4102 302 4190 incarnatus
332 4125 402 4201 est,
430 4115 504 4182 audi
525 4137 681 4182 caussam.
729 4119 820 4184 Deus
853 4116 938 4182 nulla
967 4137 1004 4181 re
1032 4114 1183 4207 indigens

118 4233 302 4301 incarnatus
325 4236 396 4308 ert3
417 4224 475 4293 sed
497 4225 633 4291 humana
654 4233 767 4293 natura
786 4226 950 4315 indigebat
969 4225 1186 4297 medicamine.

118 4343 299 4428 Postquam
329 4338 412 4406 enirn
438 4338 529 4404 Deus
557 4335 633 4402 iecit
659 4337 784 4403 coelum
813 4345 846 4401 et
874 4344 992 4402 terram
1019 4345 1053 4402 et
1073 4340 1188 4422 omnia,
