2896 5180
294 451 332 498 ιι
679 415 997 519 Prologomeue.

297 631 354 673 cus
376 608 508 688 Ephesi,
537 607 710 688 Dionysias
733 597 874 669 {ardinio
895 609 1172 690 Archiepiscopu's,
1203 611 1255 688 qui
1277 597 1387 670 omncs
1437 627 1438 630 ’

292 724 357 784 Ἰιοο
379 719 506 780 consilio
529 719 612 798 gravi
632 721 750 778 muneri
779 718 889 778 initiati
915 723 1003 779 tunc
1014 722 1160 798 temporis
1184 723 1287 795 sunt,·
1304 697 1387 780 testo
1437 695 1438 698 Ἴ

298 831 559 911 Βρρνομιιῖο,,ριιί
584 831 650 908 ipse
668 829 784 906 synodo
801 831 948 904 interfuit,
972 836 1006 894 'tv’
1025 837 1064 903 ιῖς
1088 839 1232 910 eudaemon
1258 843 1389 910 ιιιιρῶιιιι

298 952 329 1010 ιι
345 956 378 1026 ιῇ
396 949 502 1025 ιιιόοφ
518 937 559 1021 ¹).
604 940 646 999 Hi
666 941 763 1020 igitur
781 939 947 1020 Georgium
977 940 1147 1018 adjutorem
1170 944 1240 1000 tem·
1261 951 1389 1020 gravem
1437 965 1438 970 ¹

297 1055 460 1126 habebant,
482 1055 517 1110 ut
539 1050 686 1126 nonnulli,
710 1053 761 1127 qui
784 1051 935 1118 derebus
957 1053 1129 1111 Florentiae
1153 1053 1228 1110 actis
1250 1071 1389 1110 comme-
1437 1023 1438 1066 ἶ

297 1138 462 1238 monerent,
488 1163 611 1241 dignum
635 1181 703 1220 eum
725 1161 890 1234 haberent,
914 1181 1004 1238 quem
1025 1165 1105 1221 inter
1128 1174 1181 1221 e'os
1203 1163 1298 1221 fuisse
1321 1165 1389 1220 tra-

297 1276 423 1349 derent,
456 1273 508 1346 qui
536 1267 608 1350 post
637 1271 749 1332 multas
780 1269 1017 1348 disceptationes
1044 1274 1159 1332 Latinis
1189 1273 1387 1332 assentirent.

286 1378 375 1446 'Post
397 1381 470 1442 vero
492 1400 655 1443 revocasse
676 1401 761 1456 eum,
795 1385 902 1441 auctor
930 1387 978 1442 est
998 1384 1159 1445 Ιιιοιιίιιιο
1176 1379 1218 1464 ²).
1263 1385 1386 1442 Scimus

296 1497 388 1568 enim,
411 1511 504 1569 quum
525 1473 652 1551 Joannis
667 1493 844 1572 Palaeologi
861 1483 1059 1569 Imperatoris
1083 1492 1120 1553 de
1143 1493 1270 1552 civitatis
1293 1493 1388 1550 ruina

296 1606 430 1666 verentis
459 1619 554 1679 opera
584 1603 960 1690 etBessarionis,1quem
990 1605 1088 1688 Latini
1121 1605 1284 1681 ceperant,
1320 1601 1387 1662 elo-

297 1717 422 1794 quentie
443 1713 474 1772 id
497 1716 578 1773 esset
600 1713 757 1789 effectum,
791 1718 827 1773 ut
849 1714 984 1774 Graecos
1014 1716 1094 1772 inter
1109 1717 1148 1773 et
1169 1713 1294 1773 Latinos
1316 1715 1387 1772 foe-

296 1828 354 1888 dus
375 1827 484 1885 initum
506 1826 720 1901 nominumque
750 1827 1024 1904 subscriptionibus
1054 1825 1265 1884 confirmatum
1289 1829 1384 1900 esset,

295 1955 389 1998 novas
411 1934 676 2010 Constantinopoli
707 1935 745 1992 ob
775 1934 895 1994 nimiam
916 1936 1114 2012 Imperatoris
1150 1939 1181 1994 et
1209 1929 1385 2014 legatorum

294 2051 326 2110 in
347 2047 503 2107 Romanos
525 2039 745 2124 indulgentiam
768 2046 915 2106 exarsisse
931 2037 1153 2120 contentiones,
1174 2048 1218 2105 ita
1238 2049 1274 2104 ut
1292 2045 1386 2106 fieret

294 2151 390 2216 ’ἔνοσις
413 2151 547 2221 διαίρεσις
560 2154 603 2234 ³),
634 2145 637 2151 ’

380 2293 559 2370 Quaerere
581 2292 690 2350 mentis
713 2293 858 2366 mutatio,
889 2309 949 2367 qua
970 2293 1085 2376 iactum
1107 2293 1206 2366 esset,
1227 2293 1263 2350 ut
1284 2291 1386 2351 Scho-

293 2403 387 2463 larius
410 2403 501 2462 modo
522 2403 691 2463 Florentini
715 2401 836 2460 concilii
865 2402 995 2462 decretis
1023 2403 1200 2479 assentiret,
1229 2401 1319 2462 modo
1344 2425 1384 2464 ea
1437 2461 1438 2464 ,

292 2514 454 2591 rejiceret,
484 2511 615 2588 denique
638 2517 675 2571 c'a
699 2513 811 2571 celebri
833 2512 886 2571 illo
910 2513 989 2571 libro
1010 2533 1070 2588 pro
1092 2511 1219 2572 concilio
1242 2515 1384 2570 conscri—
1437 2553 1438 2590 ρ

291 2627 346 2703 pto
376 2643 482 2683 rursus
512 2621 708 2696 detenderet,
738 2603 774 2682 ut
806 2626 912 2700 aperte
926 2623 1058 2700 plateas,
1090 2641 1138 2681 me
1170 2621 1246 2682 male
1274 2621 1380 2682 hebet.
1437 2609 1438 2676 l

293 2734 419 2810 Qualem
444 2735 524 2792 enim
546 2733 727 2791 arbitremur
748 2733 845 2791 virum
874 2733 990 2806 fuisse,
1019 2750 1081 2790 non
1112 2732 1288 2792 illiteratum
1322 2753 1384 2794 nec

291 2843 532 2918 imprudentem,
548 2837 610 2918 ,sed
633 2843 740 2899 contra
762 2840 939 2899 eruditionis
963 2844 994 2900 et
1015 2841 1133 2900 consilii
1155 2843 1299 2918 plenum,
1329 2847 1384 2920 qui
1437 2859 1438 2886 l

291 2950 375 3032 lirevi
398 2955 536 3028 tempore
557 2953 606 3034 tar
631 2951 811 3008 sententiam
832 2946 980 3014 mutavit?
1023 2951 1167 3010 Proiecto
1199 2955 1262 3011 tam
1284 2955 1385 3016 imbe-

293 3063 415 3144 cillum,
451 3061 593 3120 mobilem
622 3077 659 3120 ac
691 3058 834 3118 stolidum
864 3061 1052 3122 celebratum
1082 3061 1167 3121 illum
1197 3067 1228 3122 ct
1256 3063 1386 3128 doctum
1437 3071 1438 3134 ξ

240 3176 244 3184 “
292 3173 444 3234 hominem
464 3153 577 3246 luisse,
604 3172 641 3230 ut
662 3167 801 3244 credam,
832 3187 893 3228 non
916 3189 1043 3248 possum
1065 3173 1104 3261 de
1125 3193 1175 3234 me
1203 3172 1385 3252 impetrare.

290 3283 478 3362 Relragatur
501 3299 562 3340 non
583 3280 683 3341 solum
705 3279 772 3358 ejus
794 3282 921 3357 natura,
958 3283 1039 3360 quali
1062 3284 1157 3356 fuisse
1180 3305 1249 3346 eum
1271 3289 1387 3364 opina·
1437 3259 1438 3332 l

291 3405 370 3467 mur,
388 3390 497 3452 deinde
519 3392 597 3453 liber
617 3391 669 3452 ille
690 3409 748 3469 pro
773 3392 907 3468 quinque
922 3394 1095 3455 Florentiae
1121 3396 1280 3458 aGraecis
1303 3417 1389 3459 con·
1437 3391 1438 3404 ¹

236 3578 238 3583 Ι
292 3503 386 3566 cessis
409 3499 504 3578 locis,
526 3503 693 3564 sedetiam
714 3484 877 3580 perpetua,
902 3501 992 3580 quam
1014 3523 1085 3566 cum
1103 3505 1299 3586 Bessariorie‚
1320 3511 1389 3573 La-

295 3789 298 3798 *
359 3764 509 3832 1)Prodlit
525 3743 583 3833 ejus
598 3761 721 3818 distorta
743 3762 1106 3824 analemmatorum
1121 3785 1192 3827 vers.
1207 3769 1313 3837 Latina,
1330 3789 1388 3828 no·
1437 3751 1438 3824 l

291 3849 378 3918 lisque
395 3865 427 3902 ec
443 3849 546 3920 prolixa
570 3849 736 3919 praelatione
760 3848 848 3904 audio
864 3847 976 3907 liuberti
994 3851 1181 3926 (lreyglrtonii,
1209 3855 1302 3926 flagae
1328 3853 1389 3911 Co·
1437 3861 1438 3904 i

290 3936 375 3999 mitis,
392 3951 464 3990 enno
489 3934 587 3990 saeculi
612 3934 705 3988 decimi
724 3941 751 3987 et
769 3935 873 4005 septimi
889 3933 960 4004 LX,
978 3937 1065 3994 torma
1079 3942 1199 3996 ιιιιιὶιιιο.
1234 3941 1326 3996 Belem
1343 3943 1390 4000 de
1437 3967 1438 3994 1

290 4021 340 4076 illis
358 4021 459 4076 consili
475 4017 646 4091 principibus
652 4025 716 4072 sect.
733 4016 776 4070 lll.
794 4035 817 4072 c
835 4025 876 4078 15.
898 4039 925 4124 p:
942 4029 984 4081 19.
1437 3999 1438 4064 i

357 4099 674 4172 a)}listor.thr.V1.=
699 4100 808 4176 Μάρκῳ
831 4123 861 4161 τε
886 4109 926 4173 τῷ
948 4103 1014 4180 Ἐφὲ
1015 4125 1066 4167 σου
1090 4104 1211 4180 ἀρχιερεῖ
1232 4104 1302 4164 codd
1325 4110 1389 4183 τήν
1437 4069 1438 4134 i

291 4183 377 4259 cippus
392 4191 528 4264 τιθεμένῳ
544 4189 581 4262 τῷ
597 4189 652 4240 τῶν
669 4189 798 4243 Λατίνων
816 4188 931 4262 δόγματι
952 4191 986 4248 τὰ
1003 4193 1138 4264 παράπαν
1162 4194 1210 4250 aul
1231 4198 1387 4272 Σχολιιρίῳ

289 4275 326 4350 τῷ
343 4271 405 4330 τότε
422 4271 488 4346 παρ’
498 4269 608 4340 Ἕλλησι
624 4291 660 4325 τα
651 4269 706 4334 a·
724 4275 828 4342 σοφίαν
845 4272 1047 4347 εὐδοκιμοῦντι

353 4363 381 4429 3)
400 4359 501 4420 litator
517 4358 622 4439 Politic.
642 4357 747 4414 lurco·
756 4358 801 4416 Gr.
820 4360 860 4416 l..
854 4379 894 4433 .ρ.
915 4369 942 4419 4.
