2916 5172
246 445 406 492 nannum
587 461 589 468 ·
622 423 957 516 Prologumena„

709 691 747 784 q.
801 692 865 784 ιι,
965 759 970 772 ,
1090 641 1093 648 ⁸

330 849 372 908 at
394 863 465 908 nero
489 845 600 908 accidit
622 845 693 906 hnic
713 845 843 930 synodo,
876 847 959 924 quod
981 847 1165 932 catechismo
1187 851 1347 912 accidisse
1452 819 1453 858 ἶ

246 975 339 1036 supra
369 957 505 1020 dlxlmus.
548 955 753 1033 Nactasenirn
781 961 829 1016 est
857 953 1047 1020 adversarios
1063 961 1255 1034 acerrimos,
1285 963 1344 1036 qui

244 1067 367 1146 quaetio
389 1067 457 1146 ejas
480 1066 604 1129 decreta
624 1069 657 1127 et
678 1071 858 1146 argumenta
879 1089 915 1129 cx
936 1066 1146 1134 Romanorum
1164 1089 1224 1130 —ore
1248 1071 1341 1130 eltin-

245 1183 323 1240 uisso
346 1181 523 1240 constanter
545 1177 742 1238 affirmarent.
785 1179 830 1239 Ex
852 1173 962 1256 qulbus
989 1181 1144 1243 idemrilla
1167 1169 1340 1256 Aymonius

246 1293 317 1366 iuli,¹
335 1291 504 1368 vqumagno
528 1289 586 1348 scd
606 1262 820 1366 intemperanti
846 1293 957 1352 studio.
1001 1292 1205 1353 concedimus
1221 1295 1259 1366 ei,
1275 1293 1342 1352 Do-

245 1403 375 1462 sithcum
405 1400 542 1476 aliosque
571 1399 719 1459 ecclesiae
742 1399 882 1461 Graecae
902 1407 977 1462 tunc
1009 1391 1156 1480 temporis
1178 1405 1341 1480 principes

247 1519 335 1572 arcta
361 1512 457 1572 luisse
487 1527 555 1568 oum
579 1508 698 1570 Gallico
729 1511 831 1592 legato
852 1517 885 1573 et
914 1509 988 1572 ullis·
1009 1530 1138 1592 magnac
1169 1515 1296 1592 gratiae·
1310 1517 1344 1571 et

246 1597 400 1703 dignitatis
423 1621 504 1694 viris,
521 1619 692 1680 Romanam
713 1621 804 1682 fldem
826 1618 1025 1700 sectantibus,
1040 1623 1248 1683 familiaritate
1265 1641 1342 1682 con-

243 1735 379 1810 junctos,
402 1746 532 1809 quorum
556 1731 687 1789 tortasse
717 1733 899 1794 auctoritato
921 1742 953 1792 et
974 1735 1042 1810 ipsa
1064 1734 1200 1809 synodus
1223 1752 1341 1792 convo-

245 1849 315 1906 cata
338 1846 411 1904 est·
438 1841 500 1904 ileo
522 1859 596 1902 voro
619 1842 639 1902 ii
660 1843 733 1902 mihi
756 1843 898 1902 udeutur
919 1845 1024 1919 luisse,
1041 1832 1103 1921 qui,
1121 1847 1158 1902 ut
1178 1845 1341 1904 Romano-

245 1973 314 2017 rum
334 1952 778 2034 plausum·reportarcnt,1de
800 1971 874 2014 snae
898 1955 1046 2014 ecelesiae
1080 1927 1203 2032 placitis
1226 1947 1342 2016 nedum

133 2083 143 2098 ’
247 2068 285 2126 dc
307 2066 375 2144 ejus
397 2063 607 2128 fundamento*
624 2063 788 2140 quidquam
823 2063 942 2124 detrahi
967 2069 1158 2149 paterentur.
1205 2065 1342 2138 Scimus,

246 2177 426 2238 Dositheum
441 2162 540 2252 ipsum
559 2173 623 2233 ‘non
640 2174 762 2251 quidem
785 2177 893 2236 contra
904 2175 1064 2242 Romanos
1082 2177 1264 2253 scripsissc;
1288 2177 1344 2235 sod

246 2293 349 2350 tamon
365 2287 553 2366 Graecorum
570 2285 753 2361 scriptorum
773 2285 985 2350 collectionem
1002 2277 1182 2360 instltuisse,
1206 2288 1260 2362 qui
1278 2287 1343 2345 Ro-

247 2419 355 2460 manae
385 2397 536 2458 ecclesiae
556 2395 699 2474 dogmata
722 2394 885 2472 aliquando
913 2397 1012 2456 adorti
1034 2387 1106 2457 sunt
1119 2397 1160 2471 ¹).
1205 2397 1344 2456 Dimica-

246 2514 319 2570 ruut
339 2509 461 2586 quidem
482 2509 586 2583 patres
609 2505 724 2580 synodi
733 2507 1029 2582 Hierosolymit'anae
1052 2509 1160 2566 contra
1177 2505 1344 2565 Reforma·
1401 2495 1404 2500 ’

246 2627 296 2683 tos
316 2621 525 2700 potissimum,
554 2618 779 2686 controversias
812 2600 882 2682 cum
912 2619 1060 2677 Romanis
1088 2617 1138 2677 vel
1167 2617 1343 2676 obticeates

245 2733 295 2793 nel
318 2733 355 2792 ab
379 2731 416 2789 iis
436 2728 644 2805 discrepantia
673 2727 816 2808 dogmata
838 2729 877 2790 ad
900 2715 1050 2788 summum
1075 2727 1186 2786 leniter
1208 2730 1342 2808 tangen-

134 2863 142 2874 “
247 2846 314 2912 tes;
335 2838 390 2898 sed
412 2843 518 2897 tenore
540 2839 691 2896 memoria·
708 2839 864 2914 dabamus,
887 2855 940 2899 eas
961 2829 1014 2897 illa
1038 2837 1076 2898 dc
1099 2829 1346 2898 caussa'convc-

249 2953 349 3024 nisse3
371 2948 472 3024 abque
493 2949 531 3006 iis
546 2948 605 3006 hoc
619 2948 782 3007 consilium
805 2953 930 3011 suanae
952 2967 989 3012 ac
1004 2950 1126 3009 fortiter
1142 2947 1231 3007 simul
1252 2950 1352 3008 ctiam

247 3063 338 3122 docto
357 3061 512 3138 patratum
533 3057 638 3130 luisse,
662 3075 701 3116 no
722 3061 860 3117 nostrum
884 3056 1006 3135 quidem
1027 3057 1189 3137 quisquam
1219 3061 1268 3117 est
1290 3060 1344 3134 qui

248 3172 406 3252 perneget.
448 3166 652 3247 Impugnandi
665 3163 708 3228 'et
725 3169 916 3249 profligandi
934 3163 1037 3246 orarit,
1047 3167 1235 3246 quibuscum·
1248 3161 1344 3228 aller-

249 3283 330 3344 catio
352 3281 429 3358 iuit3
453 3279 529 3340 allos
551 3277 759 3355 adversarios,
789 3276 862 3356 quid
885 3277 1076 3341 necessitatis
1088 3281 1164 3353 dull,
1186 3281 1274 3339 nonis
1297 3282 1345 3338 in-

249 3391 442 3454 cursionibus
464 3389 604 3448 consulto
626 3389 823 3460 lacesseret,
840 3391 945 3468 licque
975 3393 1094 3468 speram·
1117 3391 1344 3468 poteratiore,

249 3504 285 3563 ut
301 3501 496 3564 Graecorum
506 3495 637 3560 ecclesia
659 3501 698 3560 ad
713 3499 965 3579 tranquillitatem
983 3520 1018 3560 ao
1040 3520 1148 3579 pacem
1166 3503 1252 3579 prius
1270 3521 1346 3580 pos-

249 3616 290 3674 sit
309 3612 427 3686 redire,
457 3629 547 3688 quam
571 3609 765 3673 Calvinianae
796 3611 953 3672 doctrinae
976 3611 1100 3672 ultimae
1122 3612 1271 3690 reliquiae
1295 3632 1344 3672 es-

249 3727 318 3783 sent
340 3724 470 3783 deletae.
514 3719 594 3800 Quid
622 3720 715 3800 igilur
741 3723 981 3801 vituperemus,¹
998 3708 1112 3782 acriter
1133 3724 1164 3782 in
1192 3703 1273 3783 hanc
1297 3725 1344 3788 la-

249 3837 381 3896 ctionem
404 3851 472 3893 osso
493 3807 685 3910 pugnatum?
706 3833 812 3911 Noque
834 3835 873 3896 de
895 3834 981 3906 libris
996 3809 1192 3911 apocryphis,
1214 3837 1246 3896 in
1266 3837 1344 3894 scri-

168 4009 175 4024 ,
248 3949 369 4026 pturae
380 3961 487 4006 sacrae
505 3957 618 4018 corpus
633 3945 778 4021 receptis,
793 3945 924 4026 ambigo,
938 3947 976 4004 ut
988 3945 1208 4008 Trachirnerus
1222 3943 1266 4024 ²),
1290 3949 1343 4022 qui

317 4188 345 4254 1)
363 4183 417 4240 cfr.
434 4185 545 4245 Fabricii
564 4181 693 4242 Biblioth·
711 4183 805 4242 Gracc·
824 4185 870 4246 Xl.
890 4206 915 4258 p.
933 4191 992 4249 452.
1081 4257 1083 4266 Α
1311 4245 1315 4252 ,

315 4275 349 4357 tl
362 4286 392 4344 ln
403 4287 647 4346 Sohroeciniihist
661 4289 756 4345 cocles.
765 4299 830 4362 post,
842 4289 948 4352 retorna.
960 4291 1112 4348 continuata
1122 4288 1251 4356 Tole·
1260 4306 1287 4360 p·
1299 4296 1343 4348 95
