2966 5172
266 445 340 520 266
435 439 702 515 confession.
729 443 955 518 orthodox.
995 447 1035 520 P.
1051 445 1110 518 111.
1135 465 1166 533 q.
1183 440 1245 512 XI.

161 647 164 653 ·
267 627 430 708 δάέαμει
446 625 494 690 εἰς
507 623 546 690 τὸ
560 624 725 706 δεύτερον
733 623 789 707 μέ·
834 625 942 694 officia
963 629 1207 716 complectitur3
1230 623 1275 690 de
1289 624 1361 710 qni-

268 729 330 794 ρος
352 709 637 795 τῆςὈρθοδόὲσυ
661 711 790 796 ταύτης
832 712 893 777 bus
940 714 1086 784 secunda
1130 711 1362 800 confessionis

265 797 481 883 ‘Opoloylue
832 809 964 870 nostrae
978 810 1072 888 parte
1083 801 1151 890 jam
1161 801 1313 868 diximus.
1325 805 1360 884 1)

380 993 625 1076 Ἐρώτησις
647 994 671 1058 l·
957 997 1162 1080 Quaestio
1189 1000 1233 1065 X.

264 1101 343 1172 ’And
384 1105 447 1172 τὰς
488 1105 617 1187 ἀρετὰς
656 1101 788 1170 ταύτας

306 1193 423 1296 uoluae
442 1192 564 1261 ἄλλαις
585 1191 695 1276 dudm
713 1212 787 1276 γει·

306 1300 472 1350 voveram

832 1136 997 1216 Quaenam
1006 1145 1177 1223 praeterea
1192 1138 1277 1204 aliae
1292 1141 1359 1204 vir-

872 1254 958 1315 tutes
982 1247 1114 1314 existis
1138 1249 1312 1316 oriuntur?

304 1410 372 1479 'Am
396 1411 572 1493 Τέσσαρες
590 1411 715 1491 ἀρεταὶ
731 1433 785 1496 γε·
891 1407 1020 1495 Resp.
1073 1411 1234 1491 Quattuor
1256 1415 1359 1480 virtu-

263 1503 376 1567 νικαί·
396 1501 585 1583 φρόνησις,
609 1498 784 1565 ammosa·
827 1503 877 1560 tes
897 1495 1083 1576 generales:
1106 1497 1289 1581 prudentia,
1299 1501 1358 1588 ju-

263 1585 784 1670 vrpu'vdpalaualomqrpoodap.
827 1581 924 1665 stitia,
943 1581 1112 1661 fortitudo,
1129 1587 1357 1670 temperantia.

362 1753 606 1838 Ἐρώτησις
628 1754 676 1818 τά.
944 1751 1153 1832 Quaestio
1174 1755 1234 1820 XI.

264 1868 361 1934 Ποία
386 1861 522 1948 εἶναιῆ
549 1867 782 1949 Χριστιανικὴ
824 1863 1003 1930 Prudentia
1032 1865 1207 1936 christiana
1240 1869 1355 1962 cujus.

432 1953 620 2038 φρόνησιςῑ
729 1983 731 1987 ’
866 1940 955 2020 modi
977 1957 1054 2020 este

302 2095 368 2156 Ἀιι
396 2088 438 2156 Ἡ
459 2090 630 2170 φρόνησις
654 2091 676 2170 ἦ
697 2092 782 2170 Χρι·
885 2089 1014 2176 Resp.
1057 2089 1235 2158 Prudentia
1265 2094 1352 2160 obri-

260 2177 419 2258 στιαιικὴ
445 2173 535 2241 εἶναι
551 2178 617 2258 μία
639 2175 783 2258 reporri—
824 2173 929 2240 stiana
958 2184 1010 2240 est
1042 2177 1227 2242 'sollicitudo
1250 2202 1353 2265 quae-

260 2268 306 2327 δα
329 2264 392 2328 καὶ
419 2263 591 2342 atroam)
616 2266 780 2340 apofasis*
824 2259 899 2324 dam
922 2282 962 2325 ac
985 2269 1073 2325 reeta
1095 2263 1256 2341 voluntas
1280 2265 1351 2354 jam

259 2349 388 2429 τημὲνη
403 2349 464 2418 καὶ
484 2344 779 2429 προλογιασμένη,
823 2354 916 2412 antea
938 2346 1182 2432 praemeditata,
1207 2351 1351 2416 sollerti—

258 2433 319 2500 διὰ
341 2432 388 2498 τὰ
414 2435 487 2516 μὴν
518 2432 779 2512 παροξύνωμεν
822 2453 885 2515 que
908 2434 1146 2518 circumspeotu
1168 2436 1350 2516 subducta3

256 2520 318 2586 τὸν
343 2519 433 2585 Θεὸν
455 2520 518 2586 nul
547 2519 607 2583 τὸν
633 2519 797 2599 πλησίονΑ
821 2527 856 2582 ut
886 2541 926 2582 ne
955 2520 1061 2583 Deum
1097 2520 1351 2608 proximumque

255 2610 391 2690 pesele
414 2609 483 2670 κᾶν
502 2605 779 2686 saepesaepe«
821 2614 968 2670 nostrum
1010 2605 1074 2670 ulla
1122 2616 1236 2670 nostra
1276 2609 1349 2674 sive

255 2693 466 2776 ἣλογισμόν.
492 2691 564 2756 Διὰ
575 2691 640 2770 τὴν
652 2690 778 2755 ὁποῖαι
820 2691 948 2756 aotione
977 2691 1046 2755 sire
1073 2691 1274 2778 eogitatione
1298 2695 1349 2758 of-

256 2782 432 2860 φρόνησιν
456 2779 612 2843 διδάσκει
640 2779 776 2858 (Mara.
819 2775 998 2841 fendamus.
1029 2777 1158 2841 Dehao
1173 2779 1348 2863 prudentia

256 2866 280 2930 i.
297 2864 362 2943 ιε’.)
381 2863 497 2948 λέγων
514 2863 532 2927 ὅ
551 2863 702 2943 Κύριος·
726 2863 776 2944 γί-
820 2861 869 2926 sio
895 2862 996 2927 docet
1016 2862 1175 2926 Dominus
1207 2865 1348 2944 (nlauh.

254 2955 355 3020 νεσθε
373 2951 543 3030 φρόνιμοι
555 2947 602 3011 ὡς
620 2947 654 3010 oi
667 2946 775 3028 ὄφεις,
818 2949 862 3028 X,
892 2949 985 3027 lo.):
1018 2949 1135 3012 Estote
1164 2949 1347 3035 prudentes

253 3037 316 3108 uel
334 3033 495 3114 ἀκέραιοι
513 3032 776 3114 ὡςαὶτιεριστε-
820 3042 854 3098 ut
881 3041 1069 3118 serpentes,
1111 3041 1144 3098 et
1176 3036 1345 3118 simplices

253 3121 336 3204 ραί·
370 3121 408 3186 τὸ
433 3117 776 3202 ὁποῖσνὲρρηιεύων
817 3127 854 3184 ut
874 3119 1053 3190 columbae.
1095 3120 1193 3201 Quod
1216 3121 1346 3187 divinus

253 3207 385 3274 osseos
403 3209 547 3270 Παῦλος
563 3203 656 3290 (Ep.
674 3203 699 3269 ε’.
717 3205 775 3286 τέ’.)
817 3204 939 3270 Paulus
976 3206 1039 3270 hoo
1071 3205 1170 3270 modo
1208 3209 1345 3273 uberius

251 3291 356 3375 λέγει·
372 3289 513 3374 βλέπετε
525 3286 669 3358 οὖνπῶς
679 3293 774 3372 alapa·
818 3291 949 3376 exponit
970 3290 1076 3378 (Eph.
1100 3291 1140 3374 V,
1162 3293 1257 3370 15.l:
1287 3294 1345 3360 Vi-

251 3383 558 3464 βῶςπεριπαιεῖιε,
573 3379 622 3460 μὴ
637 3377 774 3442 ardeo·
817 3377 892 3440 dete
925 3377 1025 3465 igitur
1056 3377 1221 3462 quomodo
1247 3403 1344 3444 acon-

200 3509 202 3514 ·
251 3491 326 3554 φοι.
347 3465 485 3533 ἀλλ’ὡς
502 3465 628 3547 σοφοὶ·
650 3463 773 3549 leupo·
815 3471 887 3526 rate
916 3462 1097 3544 ambuletiS‚
1128 3487 1193 3528 non
1224 3472 1261 3530 ut
1295 3466 1343 3530 in-

249 3552 445 3636 ραξόρενοτ
469 3549 529 3624 τὸν
543 3548 691 3632 καιρὸν,
719 3551 772 3616 ὅτι
816 3549 983 3634 sipienteS‚
1007 3548 1069 3624 aed
1089 3556 1125 3612 ut
1156 3551 1342 3636 sapientesp

250 3639 290 3704 ai
330 3635 460 3720 ἡμέραι
501 3638 654 3717 πονηραί·
692 3639 770 3702 εἰσι.
814 3633 1010 3698 redimentes
1051 3637 1341 3721 opportunitatem,

251 3725 323 3790 Διὰ
335 3727 440 3788 τοῦτο
450 3722 498 3801 μὴ
509 3723 647 3805 γίνεσθε
657 3723 771 3803 dopo·
815 3719 966 3803 quoniam
979 3719 1048 3784 dies
1061 3720 1135 3784 mali
1146 3731 1231 3786 sunt.
1255 3725 1323 3794 Pro
1337 3763 1342 3771 ·

248 3827 321 3889 τες,
349 3806 653 3891 dinunumerare,
681 3809 714 3874 τί
731 3807 770 3874 τὸ
814 3813 928 3891 pterea
949 3827 990 3870 ne
1023 3813 1131 3870 estote
1152 3807 1337 3895 impruden·

234 3957 473 3986 ‘mun—un·-

316 4056 343 4123 1)
361 4072 405 4125 qu.
421 4055 547 4113 tlt-rt.
605 4055 634 4120 t)
658 4053 755 4125 Margo
781 4057 899 4124 orruerit,
925 4071 959 4108 an
985 4051 1106 4124 auduom
1131 4057 1165 4109 sit
1187 4057 1335 4125 legendum

247 4124 321 4178 llaec
345 4141 424 4192 qrrum
440 4123 491 4176 Dei
508 4123 588 4192 inagis
603 4125 645 4187 sit,
664 4139 740 4195 qnam
756 4123 900 4188 hominnm,
918 4119 1013 4184 εὔνοια
1027 4141 1081 4178 non
1097 4125 1248 4194 spernenda
1264 4126 1335 4178 vide»

247 4194 324 4246 batm·
338 4209 415 4255 esse,
433 4192 514 4245 modo
534 4192 716 4262 intelligamus,
739 4210 799 4246 esse
815 4194 893 4246 arninri
915 4201 1012 4246 statum
1027 4191 1166 4262 prudentia
1189 4202 1215 4246 et
1231 4195 1336 4247 sinceri·

247 4269 302 4314 tate
324 4268 394 4312 reete
412 4269 592 4329 temperatam.
628 4261 706 4330 Apud
727 4261 846 4315 Graecos
868 4279 920 4314 non
946 4261 994 4314 diei
1018 4262 1067 4314 nisi
1091 4261 1125 4314 de
1148 4261 1335 4316 berrevolentia

246 4329 320 4392 seio,
340 4327 387 4380 sed
408 4331 487 4392 mulla
505 4328 651 4393 vocabula,
671 4330 766 4388 amissa
792 4347 840 4384 sua
861 4327 1070 4399 significatione,
1094 4329 1171 4387 uliam
1195 4332 1334 4389 induerunt
1371 4379 1379 4389 .

246 4406 372 4461 naturam.
