2896 5180
75 1177 225 1318 Bona
254 1177 378 1354 ucria
402 1223 599 1314 orandum
626 1227 726 1314 mihi
754 1251 853 1316 esse
875 1236 917 1316 et
942 1231 1173 1322 obsecran-

75 1387 178 1508 dum
188 1441 204 1492 ‚
239 1381 361 1466 valde
396 1381 553 1494 sentio,
579 1381 662 1464 viu
692 1381 1075 1502 Excellentissime,
1103 1391 1175 1498 qui

80 1537 173 1622 'l'nr
196 1533 385 1630 Nominis
417 1527 653 1620 Clarissimi
685 1535 956 1645 inscriptione
980 1537 1091 1626 hano
1114 1539 1174 1624 li-

85 1689 253 1778 brorum
271 1684 496 1774 0ricntaiis
512 1686 721 1776 ecciesiae
736 1685 1052 1798 symbolicarum
1074 1691 1173 1778 edi·-

80 1842 234 1926 tionem
251 1845 333 1922 tum
351 1838 525 1954 cunctis,
554 1861 726 1951 quorum
737 1839 915 1926 aliorum
931 1841 1175 1954 populorum

78 1990 199 2082 fidem
245 2013 296 2078 ac
334 1987 557 2078 doctrinam
592 2013 808 2107 cognosse
853 1994 1046 2108 interest,
1088 1999 1174 2081 tum

78 2145 211 2230 Tuan
239 2143 439 2252 imprimis
468 2145 589 2258 genti
618 2143 935 2232 commendatam
961 2167 1061 2230 esse
1087 2171 1182 2232 vom

77 2295 239 2388 luerim.
298 2293 420 2397 Quae
443 2320 546 2382 vcro
560 2297 740 2410 gravior
757 2295 1049 2384 commendatio
1073 2297 1173 2384 iruic

9 2535 14 2546 ,
78 2449 187 2532 iibro
230 2449 477 2562 contingere
501 2456 659 2556 potest,
698 2472 819 2559 quam
844 2449 955 2561 ejus,
993 2450 1066 2559 qui
1099 2451 1171 2536 in·

4 2697 6 2722 ‚
78 2602 222 2713 gentis
256 2599 420 2706 imperii
450 2603 588 2684 sacris
619 2601 884 2712 praepositus
916 2607 1003 2714 cst,
1037 2579 1178 2710 prac-¹

4 2729 5 2810 ἶ
84 2749 196 2844 clara
217 2748 449 2866 eruditione
467 2756 593 2859 atquc
611 2751 798 2834 docmina
822 2771 957 2858 acque
981 2773 1033 2832 ac
1049 2773 1171 2836 men-

82 2905 140 2986 tis
177 2902 422 2988 liberalitate
456 2897 659 2988 ornatus?
708 2899 779 2986 'dn
809 2901 942 3016 igitur
975 2903 1173 3018 accipias,

75 3055 322 3172 rog07hunc
337 3055 484 3140 librum
502 3076 584 3139 non
603 3051 764 3168 donum,
783 3053 894 3163 quod
905 3053 1002 3140 'ino
1020 3055 1170 3164 splen-

79 3209 185 3292 dore
210 3207 372 3330 mintmc
405 3211 522 3304 osset
558 3205 727 3318 dignum
736 3263 752 3314 ,
791 3206 869 3290 scd
902 3206 1189 3292 testimonium

76 3357 192 3442 haud
221 3355 572 3468 contemnendum,
600 3363 856 3466 quantopere
879 3357 1064 3443 Vestrae
1092 3383 1171 3444 cc-

78 3512 253 3623 clesiae,
283 3511 483 3618 auspiciis
504 3509 771 3617 Imperatoris
797 3505 883 3592 'ior
905 3508 1172 3596 invictissimi

77 3671 207 3772 utque
234 3659 545 3774 sapientissimi
578 3661 632 3746 ad
667 3685 814 3746 novam
843 3660 1004 3746 laudem
1038 3660 1170 3748 cisso-

77 3817 312 3923 rescentis,
340 3838 413 3899 res
441 3813 560 3898 nobis
588 3811 712 3902 etiam
745 3835 871 3900 curae
896 3813 992 3902 snut.
1050 3811 1170 3918 Quod
1306 3787 1313 3798 ’

78 3969 119 4052 si
147 3968 205 4052 ita
230 3967 283 4052 de
309 3931 407 4051 hoc⁸
423 3966 660 4052 munusculo
688 3971 732 4050 ut
754 3964 917 4073 jndices
943 3968 1086 4076 possis
1117 3969 1171 4054 de

80 4119 153 4204 'fn
185 4121 407 4228 impetrare
430 4163 490 4180 ·--
515 4119 558 4202 id
592 4117 700 4227 quod
727 4115 839 4202 mihi·
860 4117 956 4211 licet
989 4118 1042 4203 de
1070 4120 1170 4206 'ion

78 4273 277 4362 Bonitatc
303 4249 533 4358 ac'Pictate
551 4293 726 4378 sperare
744 4301 827 4381 -ς
854 4277 895 4357 ct
913 4269 1019 4359 liner
1035 4295 1170 4379 aspe-

73 4425 236 4510 riorem
260 4421 383 4514 facile
402 4421 575 4536 effugiet
603 4445 822 4511 censuram
844 4431 885 4510 ct
911 4443 1040 4508 meum
1062 4450 1169 4510 con-
