2896 5180
452 454 776 548 Prolegom-ens.
1096 482 1169 532 xxv

63 641 159 700 stedt
179 659 207 716 p.
231 637 262 698 t.
306 639 514 718 Hottingerus
543 657 573 716 p.
599 637 701 720 552),
728 657 799 700 eum
821 659 878 718 per
900 641 1084 703 walachiaus
1113 645 1168 704 do-

63 727 157 812 murn
178 753 382 810 revertentem
406 767 476 808 cum
498 745 603 808 Marco
628 750 740 826 Furio,
771 751 1000 827 Transsylvario
1020 753 1168 817 reforma-

11 888 17 898 ·
63 869 125 922 tae
144 861 301 941 religionis
325 859 459 934 homine,
482 861 625 920 habuisse
642 859 838 938 colloquium,
863 865 915 938 qui
934 882 1013 937 enm,
1036 865 1167 926 Sancto-

20 963 29 972 ’
63 991 140 1032 rum
162 972 348 1032 invocationi
370 965 459 1030 ulmis
483 970 703 1046 confidentem,
734 971 773 1031 de
794 972 918 1032 illorum
939 975 1179 1038 intercessionis·

2 1089 3 1112 ¹
63 1085 206 1144 vanitate
227 1081 323 1140 firmis
346 1083 533 1160 argumentis
555 1063 755 1158 persuaserit.
798 1083 893 1143 Addit
912 1083 975 1144 Leo
991 1086 1168 1169 Allctius1)

65 1213 129 1272 pro
161 1195 291 1252 naturae
331 1209 406 1252 suae
445 1193 611 1268 varietate,
650 1192 798 1267 Gyrillum
837 1193 909 1254 hinc
940 1197 970 1254 iu
1006 1196 1168 1259 wentam

2 1321 3 1360 i
64 1305 244 1382 perrexisse
277 1303 418 1378 avitaque
440 1301 501 1362 lide
524 1302 678 1361 divendita
710 1304 896 1382 quingentos
932 1324 1044 1365 aureos
1079 1327 1168 1369 acee-

65 1419 174 1493 pisse,
212 1413 298 1489 quod
334 1415 436 1491 capita
465 1414 496 1470 iu
534 1412 702 1473 eutholicos
731 1414 902 1490 composite
941 1417 1167 1496 subscripserit.

2 1588 3 1606 χ
64 1527 112 1586 Ut
133 1530 257 1585 taceam
278 1522 374 1597 illud,
404 1523 543 1584 Saxones
576 1541 732 1600 nunquam
752 1525 808 1584 tali
838 1543 913 1584 usos
941 1543 1010 1587 esse
1040 1529 1167 1606 insud03

2 1619 3 1637 ¹
69 1637 195 1712 impium
220 1641 279 1708 est,
302 1633 347 1694 de
362 1635 428 1692 viro
450 1635 502 1710 pio
525 1637 556 1694 et
578 1651 684 1696 severo
707 1633 767 1694 hoe
788 1637 936 1714 cogitare,
959 1639 1095 1714 quinon
1117 1661 1168 1702 sn-

72 1747 136 1806 lum
166 1762 290 1826 gravem
319 1745 411 1804 animi
442 1747 645 1804 constentiam
675 1746 765 1804 otiam
797 1761 832 1804 re
862 1745 991 1808 adversa
1023 1752 1168 1828 tenuerit,

72 1858 132 1917 sed
154 1857 331 1934 episcopum
350 1855 588 1915 Alexandrinum
612 1856 669 1914 hen
691 1855 884 1932 potissimum
906 1856 944 1917 de
967 1876 1078 1921 caussa
1098 1863 1168 1924 feli·

74 1987 143 2028 cem
165 1967 405 2044 praedicaverit,
439 1965 522 2041 quod
552 1967 653 2028 nullas
675 1983 750 2042 opes
770 1969 906 2027 muneris
929 1971 961 2028 et
981 1973 1169 2050 suscipiendi

73 2082 106 2138 et
129 2075 287 2137 obtinendi
317 2078 417 2156 gratia
438 2077 549 2136 Turris
571 2076 755 2136 distribuere
786 2076 898 2136 debeat
913 2077 955 2155 ²).
998 2080 1103 2158 Neque
1124 2090 1168 2146 te·

72 2192 137 2248 stes
159 2187 314 2248 adducere
337 2179 440 2246 lubuit
460 2187 585 2262 Alletio,
608 2188 638 2244 in
662 2203 791 2262 quornm
813 2186 904 2246 tideus
927 2195 1100 2254 accuratius
1122 2199 1185 2265 ius

69 2300 224 2378 vestigare
246 2314 429 2376 possemus3
460 2297 513 2356 sed
538 2299 642 2374 tiyrilli
672 2297 866 2359 obtrectandi
898 2302 997 2379 gratia
1029 2303 1106 2366 llaec
1138 2313 1171 2368 et

71 2410 133 2472 alia
153 2412 186 2469 iu
209 2427 280 2470 eum
302 2411 466 2470 ementitus
491 2413 548 2468 est.
592 2409 663 2468 Hoc
692 2409 896 2471 certissimum
926 2414 991 2486 est,
1026 2435 1095 2476 eum
1124 2417 1169 2478 illi

71 2525 103 2581 in
135 2521 295 2582 Waleehia
324 2521 556 2580 commorationi
594 2518 678 2579 aliud
699 2521 832 2595 'tempus
865 2521 1039 2600 assignare,
1077 2545 1170 2604 quam

72 2631 295 2692 Bohnstedtiua
324 2635 357 2690 et
386 2631 607 2710 Hottingerus,
635 2644 729 2704 quum
760 2628 908 2703 cymium
940 2649 959 2689 a
989 2635 1170 2698 Patriarcha

71 2885 148 2924 naeu
167 2871 225 2924 aiut
240 2867 314 2924 illae
330 2865 492 2940 pestiferae
514 2864 710 2934 quaestiones,
729 2879 804 2936 quae
817 2863 872 2921 leue
888 2871 1019 2939 tempore
1037 2867 1171 2939 inliciunt

71 2974 176 3022 aurem
194 2973 270 3012 neca
289 2959 429 3028 pertenta
449 2955 634 3020 monstraque
654 2953 721 3002 sune
738 2949 770 3024 eri
790 2953 982 3022 καινοτομίαι,
999 2954 1172 3010 metuendae

70 3043 169 3112 mepte
182 3057 272 3110 quam
287 3038 514 3112 amplectendae.
551 3031 771 3100 dementasset,
788 3040 882 3108 pergit,
902 3037 1007 3094 Oriente
1023 3041 1173 3112 incompta

67 3125 132 3195 fide
155 3125 384 3195 utrumquem
402 3123 439 3178 ub
454 3119 593 3195 apostolis
616 3119 833 3193 majoribusque
852 3126 911 3180 sues
925 3131 968 3180 est
991 3123 1118 3191 eduense,
1141 3127 1173 3179 tn

55 3198 183 3280 ‘ittaque
197 3229 286 3282 usque
302 3209 343 3264 ad
358 3211 527 3282 commanem
541 3210 717 3278 perseverat,
735 3220 882 3278 nunquam
900 3209 1003 3277 tenue,
1025 3227 1173 3282 uunquam

74 3296 179 3366 addet,
208 3311 357 3366 nunquam
377 3301 489 3360 mutat,
516 3308 628 3364 semper
649 3289 728 3344 edem
749 3299 866 3360 mouet,
890 3312 1005 3368 semper
1028 3296 1175 3367 intepram

73 3380 130 3452 τήν
145 3377 321 3452 ὀρθοὸοξίαν
349 3387 426 3434 tenet
448 3386 615 3450 ematque,-
636 3383 665 3432 et
683 3379 710 3430 st
732 3380 796 3446 puts
815 3379 936 3436 ulterius
959 3379 1082 3434 ooteemt
1098 3382 1174 3434 serto

73 3473 185 3524 semem
201 3467 394 3524 christianum
411 3468 443 3520 ln
465 3465 563 3520 ecetes-
587 3463 706 3520 misum
728 3461 894 3528 obsanare,
918 3481 982 3519 rem
996 3465 1097 3534 mapnt
1114 3480 1173 3516 mc-

75 3555 167 3607 menti
181 3551 411 3622 mirandumque
422 3549 678 3606 animadverteret.
713 3546 867 3620 Nam'tpst
881 3547 1049 3614 Christiani,
1066 3565 1104 3602 eu
1118 3565 1174 3618 quo

75 3635 475 3707 vescendamvescens)
497 3642 563 3694 suet
585 3637 616 3710 tu
635 3635 819 3694 seruitutem,
839 3637 943 3692 etsist
964 3651 984 3688 a
1010 3633 1175 3686 domesticis

75 3720 218 3795 supultus
240 3719 277 3774 ab
299 3721 462 3792 infidelibus
481 3726 713 3794 persequentum
729 3747 763 3760 ·-
784 3721 829 3772 tta
843 3725 942 3774 tamen
963 3735 1019 3792 pro
1043 3717 1104 3789 fide
1118 3717 1175 3772 Xte

67 3801 142 3879 ‘pau
164 3822 223 3860 nen
238 3811 282 3860 est
300 3809 338 3862 its
357 3823 456 3880 mune.
491 3798 581 3877 Ipsum
596 3820 663 3860 vero
680 3804 706 3862 iu
721 3797 956 3878 hec’Opdcdcgtq
971 3821 1027 3862 uun
1046 3805 1114 3860 setis
1130 3821 1175 3860 ac·

77 3891 232 3962 quievisse,
250 3907 285 3946 ex
304 3891 355 3952 iis.
375 3907 448 3961 quae
467 3889 574 3947 molitus
593 3897 648 3954 est,
666 3899 787 3960 apparet.

146 3987 177 4055 1)
202 3983 248 4039 De
269 3992 373 4056 perpet.
392 3983 488 4041 eccles.
506 3983 592 4040 oecid-
612 3990 639 4036 et
660 3981 755 4039 orient.
774 3999 898 4038 consens.
918 3999 946 4054 ρ.
964 3985 1039 4042 1073.

144 4080 175 4144 2)
196 4075 312 4132 Lettres
328 4076 483 4132 aueodetes
498 4063 530 4148 p.
546 4079 622 4136 152:
641 4075 834 4130 Alexandrinus
849 4076 992 4146 episcopus
1008 4075 1101 4130 Tuscis
1122 4091 1177 4132 nou

77 4163 171 4229 solvit,
189 4178 323 4232 uunquam
339 4181 398 4218 cnm
415 4163 507 4218 'lurein
524 4179 580 4217 reru
598 4162 711 4231 aliquem
725 4161 792 4231 gerit
813 4160 1027 4231 ecclesiasticam,
1044 4178 1178 4234 uunquam

77 4247 139 4302 illos
156 4248 215 4303 vult
240 4249 408 4304 consiliarios
434 4259 461 4303 et
479 4247 577 4302 socios.
614 4245 696 4316 eujus
718 4246 755 4300 tei
773 4261 894 4298 caussam
917 4247 944 4300 in
960 4264 993 4300 eo
1016 4247 1094 4302 sitam
1117 4264 1178 4302 esse

78 4341 165 4404 putet,
181 4331 256 4402 quod
272 4333 415 4390 Alexandr.
432 4331 609 4390 Putrlsrchae
631 4348 738 4403 semper
760 4331 872 4385 arttmm
887 4329 1065 4392 uctditnmas
1083 4335 1180 4390 mutua

83 4419 279 4474 conservarint.
