2896 5180
253 411 314 459 uer
603 387 973 480 u-t’rotegomeno.
1015 387 1016 392 ’

250 571 425 654 plicatione
448 569 487 633 de
516 575 603 634 cultu
633 575 802 654 imupiuum
826 571 1019 631 edoceamur.
1063 568 1156 634 Liber
1178 571 1236 628 hec
1260 571 1383 630 torma
1440 565 1441 642 ἶ

262 687 441 757 instructus,
465 684 504 744 ed
525 663 682 763 uulgarem
706 687 738 744 et
755 682 935 761 'popularem
954 697 1077 740 sensum
1096 681 1380 753 accommodatus,

249 795 418 858 doctiores
439 796 542 854 temen
570 793 783 872 inquisitiones
814 812 874 852 uon
898 793 999 852 omisit
1021 791 1216 868 lectoresque
1234 791 1283 852 ed
1308 792 1380 851 ob-

263 906 416 965 scuriores
439 907 471 964 st
492 905 696 964 obstrusiores
719 904 915 979 quaestiones
938 901 1079 974 deduxit,
1108 900 1205 961 ueluti
1236 902 1275 961 de
1308 903 1380 960 tri-

259 1016 379 1089 nitate,
404 1013 448 1075 de
478 1015 532 1093 Sp.
564 1016 663 1074 suncti
693 1015 911 1090 processione,
943 1011 981 1071 de
1011 1013 1191 1090 purgatorio
1222 1015 1254 1072 et
1283 1011 1375 1072 eliis.
1440 1037 1441 1040 ¹

257 1126 363 1187 rLubet
383 1125 461 1198 iere,
487 1144 555 1185 euru
577 1124 764 1185 contendere
787 1141 856 1185 oum
879 1121 1072 1182 Gutechismo
1094 1121 1247 1196 Romano,
1271 1121 1394 1202 cujus¹

264 1247 339 1302 reue
362 1239 504 1296 auctores
526 1235 622 1316 magis
652 1238 683 1294 et
713 1235 850 1294 curatius
884 1236 1043 1311 postorum
1073 1231 1177 1310 officie
1207 1250 1376 1309 exponere

264 1365 431 1424 eorumque
461 1345 533 1406 fidoi
562 1361 744 1404 succurrere
773 1344 947 1404 voluerunt.
991 1343 1095 1402 Habet
1116 1345 1247 1419 uterque
1270 1345 1372 1403 etiem

250 1455 297 1516 ld
321 1473 492 1531 commuue,
519 1455 603 1533 quod
626 1456 737 1534 magno
760 1474 829 1516 oum
853 1454 955 1513 studio
977 1471 1101 1534 eorum,
1124 1471 1203 1529 quoe
1225 1457 1373 1514 macten-

265 1573 335 1640 tur,
355 1538 556 1626 lundameutit
577 1584 595 1625 e
617 1566 723 1642 script.
746 1583 823 1624 secr.
848 1566 945 1642 petitu
973 1561 1154 1623 adversariis
1178 1563 1284 1626 studet
1307 1583 1370 1642 op-

266 1695 399 1754 ponere,
440 1675 551 1736 deinde
580 1693 653 1741 roro
684 1679 821 1734 vetorum
859 1677 979 1750 potrum
1014 1676 1228 1734 auctoritatem
1258 1679 1369 1756 magui

268 1787 434 1852 aestimans
464 1786 516 1846 ille
545 1786 611 1848 iere
640 1789 796 1861 exaequet.
839 1783 903 1848 u'ec
933 1785 1073 1854 volumus
1103 1784 1244 1862 diffiteri,
1279 1791 1369 1846 eete—

267 1895 375 1955 chismi
397 1895 562 1956 orientalis
593 1898 735 1955 auctores
764 1894 804 1955 od
834 1897 964 1972 optimos
989 1913 1105 1972 eosque
1128 1898 1367 1973 probatissimos

252 2025 453 2086 provocasse
475 2009 598 2084 potres,
621 2008 658 2064 iis
688 2008 827 2066 nimirum
851 2008 1003 2082 exceptis,
1038 2007 1069 2065 in
1093 2023 1170 2083 quos
1194 2009 1367 2084 antiquitus

271 2117 376 2194 ulique
397 2118 561 2178 haereseos
588 2117 711 2177 inferuis
742 2116 890 2194 adspersa
918 2118 993 2192 fuit,
1024 2118 1117 2178 veluti
1147 2119 1177 2175 in
1200 2118 1367 2198 origenem

254 2227 402 2304 ¹ejusque
423 2204 519 2305 peres
524 2267 534 2301 ‚
558 2230 611 2288 nui
633 2245 710 2304 quoe
733 2247 789 2304 pou
810 2227 938 2286 medium
962 2231 1093 2312 oetatem
1114 2227 1229 2304 injuste
1250 2233 1369 2306 pressit

255 2336 398 2411 oblivio,
419 2337 513 2396 veluti
535 2317 773 2410 sustinuero,
796 2337 1008 2414 Hippolytum,
1034 2337 1193 2401 Eusebius.
1239 2339 1369 2400 Collau-

269 2447 345 2506 deut
364 2447 545 2523 Dionysium
565 2448 798 2528 Areopagitum,
823 2449 1006 2527 Gregorius,
1029 2448 1171 2523 Cyrinus,
1203 2448 1364 2526 Rutilium,

270 2535 470 2628 Athonesium
493 2561 525 2618 et
548 2559 676 2626 concilio
700 2579 746 2634 ee,
770 2579 849 2647 quoe
873 2558 983 2628 Greeci
1007 2563 1205 2648 acceperuut.
1255 2537 1266 2558 ⁰

752 2795 881 2890 no.

355 2962 414 3026 Illo
437 2969 593 3042 temporo,
616 2983 677 3040 quo
701 2969 732 3027 et
753 2965 946 3030 Lutherouee
968 2969 999 3026 et
1022 2966 1191 3028 orthollcoe
1214 2969 1362 3036 ecclesiae

271 3072 371 3134 odituc
396 3093 467 3150 spes
490 3077 567 3149 fuit,
598 3076 682 3148 iore,
711 3075 807 3158 utlod
834 3076 1015 3144 alterutrum
1046 3081 1167 3138 coetum
1191 3079 1362 3140 Orientales

270 3188 400 3260 possent
423 3185 511 3262 duci;
534 3188 724 3262 exstiterunt,
748 3188 799 3265 qui
820 3187 901 3254 hunc
923 3187 1146 3252 contessionem
1170 3191 1223 3248 uui
1238 3193 1362 3256 nostroe

271 3297 324 3360 eut
345 3295 504 3364 Romeuue
535 3296 605 3357 fidei
635 3298 737 3364 favere
771 3297 918 3362 audacter
950 3297 1139 3366 affirmarent
1166 3299 1215 3359 rel
1246 3303 1362 3366 temero

270 3403 502 3476 orbitr‘ureutur.
544 3409 643 3472 Multo
665 3409 724 3468 hoc
746 3407 849 3474 libello
873 3409 1033 3482 contineri,
1056 3427 1134 3484 quae
1156 3413 1269 3496 nostris
1285 3411 1363 3491 dog-

270 3518 359 3584 melis
382 3521 436 3585 out
458 3523 630 3600 congruent
652 3522 706 3586 eut
727 3519 846 3594 possint
869 3537 937 3586 cum
961 3520 996 3584 iis
1020 3519 1174 3596 conferri,
1205 3521 1365 3584 ednoterit

271 3628 432 3704 aliquoties
454 3632 673 3703 Feueuliuium
695 3629 788 3697 theol.
812 3630 966 3713 quondum
988 3629 1216 3709 Gottiugensis,
1244 3633 1276 3690 iu
1300 3632 1363 3690 dis-

271 3742 345 3800 tert.
375 3743 414 3800 de
445 3742 596 3819 relipione
624 3739 841 3802 Rutheuorum
873 3742 1023 3802 hodierna
1055 3737 1146 3834 illd.
1196 3740 1302 3828 Neque
1333 3742 1364 3803 id

270 3845 350 3914 islso
378 3850 499 3911 ridetur
531 3849 645 3917 dictum
676 3867 753 3912 esso.
797 3851 851 3913 Sic
883 3853 961 3911 enim
995 3851 1067 3919 mihi
1099 3855 1146 3912 est
1166 3843 1364 3936 persuasum,

272 4010 502 4030 ..ιι-...2,

272 4106 300 4153 ut
317 4101 578 4174 verotlieronyurus,
597 4101 769 4172 antiquiorem
787 4109 821 4162 et,
840 4099 954 4156 Philone
974 4110 1000 4156 et
1016 4101 1139 4172 Josepim
1157 4101 1278 4166 testibus,
1296 4102 1364 4154 inter

271 4183 392 4240 dudeeos
410 4189 570 4243 usitatiorem
599 4188 725 4240 rationem
744 4197 859 4240 seetutus
881 4194 954 4250 erut,
982 4201 1050 4254 quae
1076 4186 1101 4238 iu
1127 4185 1240 4242 ecclesio
1258 4185 1364 4240 Graeca

272 4270 398 4324 eentum
416 4276 566 4342 permensit.
603 4272 656 4326 cfr.
677 4271 807 4326 Desertor
824 4278 898 4324 tract.
916 4271 942 4325 iu
962 4287 1019 4341 quo
1034 4269 1224 4340 Augustiuiuuu
1240 4269 1363 4336 decalogi

272 4355 368 4441 divisio
387 4356 514 4418 statuitur
530 4371 558 4420 et
578 4361 725 4416 vindicetur
742 4371 768 4427 p
787 4355 812 4408 7.
828 4371 885 4425 sqq.
