2896 5180
265 457 342 507 oxu
616 433 940 526 Prolegomena.
977 493 982 508 .

266 624 298 680 et
318 618 451 680 scribere
474 609 669 694 nescivisset3
700 617 755 678 sed
784 621 819 678 ut
842 617 1009 680 cornelius
1033 617 1072 680 ad
1093 619 1246 708 lectorum
1269 621 1366 680 etiam

266 729 478 820 illiteratorum
494 729 617 804 captum
641 746 710 787 sese
732 729 901 788 insinuaret
913 727 957 804 Ι).
1002 729 1091 805 Quod
1110 730 1283 806 consilium,
1301 732 1365 792 illis

267 837 456 915 temporibus
480 837 744 898 accommodatum
764 839 812 898 his
834 839 1007 916 molestum,
1025 839 1131 902 libello
1153 842 1222 920 ipsi,
1245 843 1366 920 quippe

144 967 154 990 ⁶
248 945 463 1024 'catechismum
485 947 544 1007 tuit
566 945 765 1025 aptissimum

755 1094 794 1208 S.
845 1107 882 1189 s.

351 1286 515 1362 Sequitur,
551 1280 587 1346 ut
623 1285 662 1345 da
698 1269 881 1346 editidnibus'
915 1273 1028 1348 uostris
1059 1269 1163 1363 aliona
1197 1286 1363 1364 disputem.

264 1399 346 1460 Edit.
369 1398 466 1474 princ.
490 1386 604 1473 prodiit
624 1397 844 1457 Amstelodami
868 1418 895 1460 a.
921 1397 1022 1473 1662,
1045 1398 1222 1476 praemissis
1244 1401 1365 1461 Nectu-

265 1512 311 1569 rtt
337 1511 367 1568 et
395 1497 562 1570 Parthenii
590 1508 727 1583 epistolis
758 1508 1021 1570 commendatitiis.
1065 1509 1156 1571 Hanc
1184 1513 1366 1586 procuravit

265 1620 460 1696 Pacuuium.
489 1617 529 1676 ad
559 1613 729 1679 Turnacum
760 1619 863 1678 aulam
891 1621 1062 1696 interpres,
1093 1639 1131 1680 ea
1158 1638 1193 1680 re
1220 1639 1366 1700 magnam

266 1729 390 1790 laudem
412 1729 521 1788 nactus
545 1731 576 1786 et
598 1728 680 1804 apud
695 1729 869 1790 Nectarium
892 1727 939 1806 (ps
957 1725 1025 1808 50.)
1049 1731 1080 1788 'ct
1101 1729 1183 1806 apud
1202 1730 1366 1806 plurimos,

266 1840 405 1902 Graecae
427 1837 576 1898 ecclcsiae
599 1826 762 1916 studiosos.
806 1841 933 1900 Viderat
955 1841 1036 1898 cuim
1058 1839 1276 1914 exemplarium
1298 1860 1365 1901 mu-

266 1951 417 2025 nuscript.
440 1950 521 2008 inter
543 1949 680 2008 Graecos
703 1951 907 2028 paucitatem,
933 1963 1024 2026 quam
1046 1951 1089 2008 ita
1109 1949 1206 2008 voluit
1229 1950 1364 2028 elevare,

264 2063 301 2120 ut
323 2057 476 2120 Graecum
499 2059 653 2136 exemplar
673 2057 825 2122 latinitate
848 2062 993 2120 donatum
1009 2047 1273 2120 Amstalodu'mum
1294 2064 1366 2122 mit-

227 2222 230 2228 .
264 2174 346 2233 teret
375 2171 456 2247 typis
488 2170 682 2230 exarandum.
725 2173 807 2232 Hinc
836 2173 918 2232 salso
947 2171 1049 2232 Caroli
1080 2170 1121 2233 du
1149 2171 1267 2230 Faesus
1297 2174 1365 2248 opi-

266 2283 318 2344 nio
331 2277 381 2362 2),
411 2281 612 2359 Pauagiotam
635 2281 736 2356 ipsum
757 2265 975 2344 catechismum
997 2283 1029 2340 in
1045 2280 1187 2359 linguam
1210 2281 1364 2344 arescam

267 2406 397 2468 eumque
426 2390 584 2470 vulgarem
612 2392 818 2471 convertisse3
849 2399 943 2469 quutn
973 2391 1135 2452 Nestorius
1167 2391 1213 2468 (pr
1231 2390 1301 2472 51.)
1333 2394 1364 2452 id

265 2504 385 2564 tantum
407 2494 506 2562 laudis
531 2503 558 2560 oi
580 2503 714 2577 tribuat3
732 2505 827 2579 ‚quod
855 2507 886 2564 ln
917 2505 1047 2565 tatinum
1076 2502 1204 2563 verterit
1225 2502 1364 2581 linguam

266 2615 298 2675 et
319 2623 503 2690 quamquam
526 2613 628 2673 multis
652 2609 683 2674 at
705 2615 812 2676 alicnis
836 2617 918 2676 curis
940 2615 1097 2675 districtus
1128 2612 1191 2673 suis
1215 2613 1363 2688 impensis

265 2733 394 2804 (oleatum
420 2729 592 2804 ἀναλώμασι)
623 2724 777 2786 edendum
810 2729 936 2788 curarit.
979 2723 1075 2784 Addit
1103 2741 1175 2782 vero
1209 2725 1365 2784 Annonam

265 2835 423 2894 Arnotdus
437 2832 481 2908 3),
504 2835 623 2894 misisse
647 2833 731 2894 illum
755 2836 877 2912 quidem
901 2838 931 2896 iu
954 2834 1093 2913 Belgium
1115 2833 1283 2909 pecunias,
1308 2834 1365 2892 01·-

268 2941 355 3002 dinos
378 2957 450 3002 vero
481 2945 567 3002 tauta
589 2937 685 3004 luisse
717 2941 900 3008 liberalitate
924 2961 960 3006 uc
984 2939 1210 3022 munificentia,
1242 2945 1290 3017 ut,¹
1312 2962 1364 3002 re·
1442 3005 1443 3026 Ξ

265 3053 361 3112 misso
386 3053 452 3112 auri
474 3055 622 3128 pondera,
646 3057 708 3114 suis
731 3059 881 3118 sumtibus
903 3057 1014 3116 librum
1037 3054 1119 3130 typis
1143 3053 1276 3112 describi
1300 3073 1365 3116 ma-

203 3151 205 3161 *
264 3162 388 3222 luerint.
431 3163 467 3222 In
502 3167 563 3239 qua
595 3177 629 3224 re
661 3161 693 3224 id
722 3162 914 3244 potissimum
946 3165 1067 3225 videtur
1105 3163 1243 3225 mirabile
1282 3183 1363 3240 esse,

265 3272 347 3347 quod
370 3272 496 3352 Bolgiae
518 3275 659 3350 ordines,
690 3283 762 3340 ante
784 3275 898 3353 Cyrillo
921 3275 1113 3349 amicissimi,
1143 3275 1171 3334 ei
1193 3274 1295 3334 subito
1320 3276 1363 3334 ita

263 3386 366 3458 mente
400 3383 522 3444 alienati
554 3386 685 3462 luerint,
717 3392 753 3448 ut
783 3389 847 3448 siue
878 3387 943 3448 ulla
972 3405 1082 3447 caussa
1111 3385 1222 3444 librum
1246 3383 1363 3459 Cyrillo
1442 3435 1443 3480 3

264 3495 448 3570 oppositum,
463 3496 557 3574 gratia
580 3497 611 3556 iu
633 3497 733 3556 luceru
757 3497 847 3558 cdere
876 3499 1047 3571 volucriut3
1075 3496 1136 3557 ¹uisi
1165 3494 1246 3554 torte
1268 3500 1363 3572 putus

263 3623 316 3664 eos
340 3604 530 3684 Panagiotae
553 3608 719 3687 gratilidari
743 3609 886 3686 cupiisse,
909 3611 944 3668 ut
966 3607 1034 3685 ejus
1057 3607 1156 3686 gratia
1178 3605 1262 3682 apud
1282 3607 1362 3666 Tur·-

334 3844 360 3910 l)
380 3843 410 3898 ld
427 3846 513 3916 ipsum
530 3843 671 3900 Nectarlus
690 3855 764 3900 recte
782 3847 856 3911 sidit,
875 3849 917 3918 qul
933 3849 960 3902 in
978 3844 1055 3918 epist.
1074 3865 1101 3918 p.
1117 3847 1160 3901 51.
1178 3830 1265 3915 πεζήν
1282 3844 1362 3903 istam

263 3923 384 3996 φράσιν,
409 3945 488 3998 quam
514 3931 646 4000 interpres
664 3931 732 3984 bene
750 3931 899 4004 uulnerum
916 3941 944 3988 et
960 3933 1062 3988 medam
1080 3928 1160 3998 dicit,¹
1185 3947 1219 3984 eo
1239 3941 1361 3998 excusat,
1442 3973 1443 4008 3

262 4014 322 4084 quia
342 4015 378 4066 ita
396 4005 430 4067 ου’
447 4011 537 4082 μόνον
560 4011 659 4083 admota
676 4010 749 4070 atra
766 4018 814 4072 aul
831 4023 891 4080 coir
907 4021 1018 4080 uotiuis
1036 4017 1114 4072 facile
1131 4015 1220 4068 omnia
1236 4024 1362 4084 pateant.
1442 4027 1443 4110 p

329 4115 358 4183 2)
381 4111 411 4168 lu
430 4115 521 4171 tomice
546 4115 620 4170 med.
645 4123 674 4170 et
698 4117 752 4187 tuf.
775 4117 950 4174 Graecitatis
965 4137 986 4173 s.
1005 4135 1031 4173 v.
1049 4107 1090 4188 pot
1106 4137 1133 4190 p.
1149 4115 1210 4172 839.
1229 4123 1256 4170 et
1273 4114 1301 4170 in
1319 4117 1361 4172 in·
1442 4113 1443 4170 l

262 4199 321 4254 dice
337 4209 483 4264 auctorum,
501 4217 613 4270 quorum
632 4217 715 4272 opera
734 4203 882 4268 laudantur,
899 4223 921 4258 s.
940 4205 1041 4258 calcem
1058 4205 1136 4258 lexici
1154 4219 1181 4274 p.
1205 4203 1249 4257 57.
1442 4209 1443 4224 ¹

329 4302 357 4371 ³)
383 4300 430 4355 De
452 4309 595 4374 perperna
621 4303 721 4361 eccles.
749 4305 854 4360 cathol.
880 4307 941 4376 fide
969 4310 1000 4362 tn
1026 4295 1141 4381 negotio
1165 4303 1372 4373 eucdmtsmoes

264 4387 343 4447 Tem.
367 4387 428 4446 111.
446 4404 473 4458 p.
488 4388 549 4446 650.
