2896 5180
279 397 382 444 xxxu
665 373 983 468 Psoi-egumeno.

280 562 359 620 ritus
380 561 411 618 in
433 559 530 635 prima
553 555 590 616 de
620 557 832 636 philosophiae
854 559 1061 634 incremento,
1076 577 1177 638 'quam
1197 561 1377 622 uersatilem
1431 575 1432 614 i

280 669 414 750 gladium
437 685 504 728 esse
528 668 610 748 dicit,
632 669 710 730 riam
732 687 795 730 nou
823 669 1046 730 custodientem
1069 671 1125 732 sed
1154 671 1377 750 impedientem

237 825 243 844 .
278 781 424 858 paradisi,
446 785 525 856 quae
545 797 664 838 *summa
685 778 797 855 injuria
818 779 889 838 fidei
905 781 1089 842 christianae
1107 783 1257 842 habeatur
1279 801 1377 862 regu·
1431 807 1432 828 r

277 891 310 951 la
321 891 363 968 1).
408 888 553 950 celebrat
574 909 648 950 suae
670 890 818 950 ecclesiae
838 889 909 952 fidei
925 892 1139 956 inconcussam
1157 895 1376 968 constantiam,
1431 867 1432 936 Ῐ

280 1019 370 1077 quam
391 999 458 1060 vult
480 1001 569 1063 etiam
586 989 898 1084 aRemonstrantium
919 1000 1049 1062 ecclesia
1065 1004 1164 1062 teneri
1171 1023 1182 1077 3
1205 1022 1267 1062 non
1291 1005 1376 1062 enim
1431 1035 1432 1088 ;

278 1111 487 1188 objicerentur
509 1112 554 1184 ei,
577 1113 692 1186 inquit,
716 1129 794 1185 quae
816 1111 930 1186 passim
954 1110 1046 1188 hujus
1067 1084 1214 1190 temporis
1237 1115 1374 1190 s'cripto-
1431 1089 1432 1148 Ῐ

279 1241 329 1282 res
353 1221 514 1300 objiciunt.
531 1214 581 1264 -'
638 1221 709 1282 Mox
731 1221 782 1280 iiie
803 1214 1087 1282 Remonstrautium
1110 1223 1219 1282 doctor
1239 1243 1373 1300 respon·
1431 1207 1432 1258 i

276 1351 345 1394 sum
365 1331 486 1394 videtur
509 1331 648 1405 dedisse3
671 1333 770 1390 exstat
789 1332 868 1390 enim
894 1331 989 1392 altera
1012 1332 1052 1393 ad
1067 1353 1137 1394 cum
1156 1335 1286 1411 epistola
1310 1335 1371 1410 Cy-

275 1444 337 1504 rilii
359 1461 449 1514 auno,
472 1444 508 1502 ut
529 1441 598 1514 dixi,
617 1439 708 1502 1613.
725 1443 901 1518 conscripta
914 1438 956 1521 ²),
979 1443 1088 1518 inqua
1109 1443 1148 1503 de
1168 1447 1250 1506 statu
1271 1445 1371 1507 Grae-

275 1571 380 1614 carum
403 1551 602 1612 ecclesiarum
633 1556 778 1612 accurate
800 1553 944 1628 exponit,
966 1556 1154 1629 conquestus
1177 1555 1214 1616 de
1237 1556 1370 1616 Pontifi-

275 1667 391 1724 ciorum
413 1661 531 1723 crudeli
551 1665 736 1742 arrogantia,
759 1665 816 1740 qui
833 1663 961 1724 dmnmis
984 1666 1016 1724 et
1036 1663 1113 1724 iocis
1128 1666 1301 1746 ‘insurgunt
1322 1668 1369 1742 iis,

277 1773 399 1851 quivel
427 1771 592 1832 christiane
623 1772 864 1846 admonuerunt,
898 1773 946 1832 vel
977 1774 1067 1836 modo
1097 1774 1200 1852 aliquo
1233 1797 1369 1838 errorem

279 1903 387 1946 eorum
408 1883 509 1961 palam
529 1883 633 1942 iacere
654 1886 892 1960 proposuerunt.
934 1883 1079 1959 Fatetur,
1110 1901 1144 1946 se
1177 1890 1307 1964 propius
1331 1889 1369 1948 ad

275 1995 425 2056 ecciesiae
446 1993 632 2054 Batauorum
654 1993 769 2070 placita
790 1993 949 2068 accedere,
967 1996 1048 2070 quia,
1066 1997 1176 2072 inquit,
1194 1997 1367 2059 Christiane

274 2107 380 2186 agitis,
413 2121 521 2180 pacem
543 2104 738 2164 christianam
761 2104 903 2186 diligitis,
933 2107 1076 2164 unionem
1100 2108 1132 2166 iu
1160 2106 1368 2172 verhatedo-

157 2277 160 2286 ⁴
272 2218 345 2278 mini
367 2233 430 2276 non
452 2215 580 2274 evitatis.
597 2241 639 2256 -
678 2214 725 2274 De
748 2215 809 2274 fide
832 2219 934 2278 autem
957 2216 1129 2286 Christiane
1152 2216 1289 2292 disputat
1311 2236 1367 2295 pro

270 2345 358 2387 more
379 2325 585 2402 antiquiorum
605 2328 798 2402 temporum3
820 2345 889 2386 esse
911 2329 1050 2390 camuel
1071 2329 1110 2388 de
1131 2330 1295 2388 diuinitate
1317 2333 1368 2388 vel

270 2438 310 2498 de
331 2438 546 2496 incarnatione
564 2437 661 2496 uerbi.
703 2435 752 2496 De
773 2437 871 2512 primo
895 2437 997 2512 capite
1023 2437 1138 2498 nullam
1162 2457 1228 2504 esse
1243 2439 1365 2498 dissen-

271 2548 407 2622 sionem,
437 2565 496 2606 nec
518 2545 557 2608 de
587 2565 789 2622 personarum
821 2548 1035 2628 distinetione,
1068 2553 1194 2626 excepto
1215 2549 1265 2610 ilio
1288 2567 1363 2625 uno,

270 2657 354 2735 quod
375 2658 415 2716 sit
436 2655 474 2717 de
496 2657 631 2734 Spiritus
655 2658 753 2719 saneti
776 2660 985 2734 processione.
1028 2659 1199 2738 Romanam
1216 2661 1296 2726 enim
1313 2679 1364 2717 ee-

270 2769 407 2840 clesiam,
429 2769 657 2829 innovatiouum
673 2770 859 2842 amatricem,
875 2769 958 2829 iliam
981 2770 1020 2830 ad
1037 2769 1209 2844 symbolum
1234 2769 1363 2828 additio-

270 2897 340 2938 nem
362 2878 595 2956 excogitavisse,
624 2895 723 2952 neque
745 2895 818 2936 uero
841 2897 873 2938 ae
904 2881 1235 2954 suamqueecclesiam
1256 2879 1361 2956 Papae

268 2988 340 3067 plus
363 3006 453 3064 quam
475 2988 585 3046 ceteris
607 2987 795 3048 Patriarehis
817 2987 927 3048 cedere
950 2992 1151 3066 auctoritatis,
1169 2993 1362 3066 quantumuis

269 3098 407 3172 Jesuitis,
429 3117 464 3156 ex
487 3097 597 3174 quibus
618 3099 746 3156 maxime
768 3097 944 3158 sanderum
970 3103 1079 3178 carpit,
1108 3101 1360 3166 occlamantibus.

257 3211 471 3270 'Sacramenta
492 3209 632 3288 agnoscit
654 3208 736 3282 duo;
758 3209 789 3266 in
809 3209 960 3286 baptismo
980 3213 1186 3286 neeessariam
1208 3231 1277 3272 esse
1299 3213 1372 3272 ior-v

267 3339 347 3381 mam
369 3337 431 3378 nou
459 3319 593 3378 inflatam
617 3318 672 3378 sed
700 3319 844 3378 humilem
867 3323 898 3378 et
920 3321 1109 3399 simplicem3
1139 3323 1232 3400 hujus
1254 3342 1362 3385 caere-

265 3429 383 3492 monias
406 3447 503 3506 aeque
524 3429 655 3488 fideliter
676 3429 825 3488 tenendas
848 3449 916 3512 esse
939 3435 1031 3508 atque
1055 3433 1268 3494 eucharistiae.
1300 3435 1361 3494 Ec·

265 3544 376 3604 clasiae
398 3543 533 3622 regimen
555 3560 617 3602 nou
640 3560 707 3600 esse
729 3541 967 3616 monarchicum,
996 3542 1051 3602 sed
1072 3545 1196 3604 mixtum
1220 3565 1257 3604 ac
1282 3549 1359 3604 tem-

264 3659 422 3731 peratum,
447 3653 529 3730 quod
551 3653 656 3728 utique
680 3652 741 3709 suis
765 3654 954 3728 temporibus
976 3655 1131 3714 homiuum
1153 3635 1358 3734 perversitate

265 3784 356 3840 saepe
384 3764 545 3822 confusum
575 3781 642 3821 esse
671 3761 789 3820 viderit.
832 3762 901 3822 Non
929 3771 1004 3824 -vero
1034 3766 1164 3826 multum
1196 3769 1359 3841 interesse,

263 3878 288 3934 si
312 3870 448 3934 Graecae
472 3874 620 3934 ecclesiae
650 3873 789 3932 addictae
812 3875 950 3934 nationes
975 3879 1095 3936 exterae
1118 3895 1189 3936 suas
1214 3897 1356 3954 quaeque

263 3985 461 4046 caerimonias
477 3988 611 4044 teneant
645 3983 850 4044 .Patriarchas
868 4001 936 4042 esse
954 3989 1111 4061 quattuor,
1134 3988 1206 4048 olim
1223 3989 1357 4055 Alexan·
1431 4045 1432 4048 ,

261 4096 381 4155 drinum
411 4095 594 4169 Primatem,
630 4096 681 4171 qui
713 4111 785 4153 vero
809 4093 1001 4153 Constantini
1032 4097 1226 4174 imperatoris
1260 4119 1358 4177 opera
1431 4075 1432 4086 ἶ

256 4259 488 4277 ffl-

320 4333 350 4400 1)
367 4329 475 4385 Lettres
495 4330 640 4384 anecdotes
663 4348 681 4400 p
708 4334 768 4387 127.
838 4328 869 4396 t)
889 4326 955 4384 thid.
974 4348 1000 4402 p.
1023 4337 1079 4390 130.
