2896 5180
658 443 983 540 Prolegemena.

279 639 311 696 in
335 634 392 695 deo
415 628 585 692 subsistant
603 632 758 707 tamqnam
781 635 909 692 naturas
931 649 987 691 seu
1009 637 1179 710 personae3
1202 633 1276 691 sunt
1292 632 1387 691 enim

279 748 466 824 hypostases
486 758 638 818 personae
667 741 904 802 substantiales.
947 741 1019 802 Hoc
1039 743 1134 822 igitur
1156 742 1387 813 additamento,

280 851 500 935 praeterquod
521 851 582 911 illis
601 852 683 930 apud
700 851 842 912 Crusinm
861 851 949 911 lectis
970 857 1059 932 ἤγουν
1075 859 1142 932 epla
1159 858 1298 932 πρόσωπα
1317 871 1387 911 non

282 981 416 1046 egemus,
439 963 559 1037 amovit,
583 961 730 1039 quidquid
746 963 908 1023 offensioni
929 981 996 1023 esse
1014 963 1122 1039 possit.
1165 961 1297 1020 Evitavit
1316 961 1386 1020 lor-

281 1079 364 1136 tasse
380 1073 418 1134 de
439 1073 590 1132 industria
602 1092 810 1150 personarum
828 1073 1075 1150 appellationem,
1092 1073 1227 1149 quamvis
1248 1091 1266 1131 a
1281 1071 1383 1132 Grae-

283 1187 326 1246 eis
347 1183 538 1261 potissimam
561 1184 805 1260 frequentatam,
826 1201 889 1242 non
912 1179 974 1243 tam
996 1202 1035 1242 ne
1058 1201 1162 1242 coram
1181 1182 1382 1242 Muhamme-

282 1294 331 1368 de,
352 1295 461 1353 harum
483 1294 685 1354 subtilitatum
706 1295 835 1374 ignaro,
866 1294 904 1354 de
936 1294 1036 1353 tribus
1059 1293 1117 1352 diis
1145 1293 1231 1370 loqui
1255 1293 1381 1353 videre-

282 1409 350 1479 tur,
381 1424 471 1481 quam
501 1408 554 1463 aut
576 1405 647 1480 quia
667 1403 897 1478 Muhammedes
927 1403 959 1462 id
990 1405 1021 1464 in
1052 1406 1150 1480 prima
1179 1403 1379 1464 consessione

283 1515 363 1576 lalso
384 1513 592 1588 intellexerat,
622 1517 674 1574 aut
697 1515 778 1592 qnod
810 1514 848 1575 ad
871 1515 1079 1574 sublimiorem
1107 1515 1254 1574 trinitatis
1279 1517 1379 1592 expli-

283 1628 434 1686 cationem
462 1623 522 1684 hoc
551 1641 680 1698 nomen,
715 1627 803 1702 quasi
835 1627 994 1686 robustius
1023 1628 1054 1684 et
1085 1619 1238 1702 crassius,
1273 1628 1378 1686 minus

283 1740 388 1813 aptum
409 1737 506 1795 risum
528 1739 584 1794 est.

365 1845 416 1906 Ita
437 1843 596 1905 Gennadio
618 1843 796 1905 defensione
826 1845 875 1906 vel
905 1847 989 1906 certe
1012 1840 1208 1906 excusatione
1231 1839 1304 1906 data
1324 1866 1376 1908 re-

282 1958 354 2031 stat,
375 1961 411 2016 ut
433 1957 471 2016 de
493 1957 721 2018 confessionum
744 1953 927 2016 editionibus
948 1973 1049 2034 panca
1073 1975 1236 2032 apponam.
1281 1948 1375 2019 Prior

280 2065 382 2128 lucem
413 2065 549 2144 adspexit
572 2067 712 2128 Viennae
736 2065 828 2127 1530.
858 2087 917 2146 per
938 2065 1196 2142 jurisconsultum
1219 2067 1374 2129 hannem

280 2177 444 2239 Alexandr.
465 2177 701 2251 Brassicanum,
731 2197 843 2257 graece
866 2181 896 2237 et
917 2166 1028 2250 latine,
1058 2177 1262 2254 cnjusretianr
1286 2199 1374 2240 exor-

280 2287 365 2347 dium
385 2289 518 2350 Crasins
546 2289 577 2346 in
609 2287 712 2347 adnot.
736 2288 775 2347 ad
798 2290 1003 2368 Turcograec.
1034 2305 1065 2363 p.
1092 2285 1163 2346 191.
1186 2291 1374 2350 mentionem

277 2397 393 2474 injecit.
436 2390 554 2474 Doleo,
584 2399 622 2458 ab
653 2397 760 2457 eodem
776 2398 890 2457 Crusio
921 2417 983 2457 non
1005 2399 1170 2475 repetitum
1193 2414 1260 2459 esse
1281 2401 1372 2462 libel-

276 2505 353 2567 lum.
395 2507 467 2586 Ipse
490 2509 564 2569 vidit
586 2513 617 2569 et
637 2509 729 2590 legit,
761 2528 831 2568 nam
859 2511 984 2586 praeter
1014 2507 1168 2568 exordium
1190 2509 1249 2568 alia
1273 2513 1369 2572 etiam

277 2617 383 2696 paullo
406 2622 479 2696 post
501 2619 586 2680 addit
601 2619 642 2695 1).
684 2611 752 2679 Non
768 2621 848 2679 enim
864 2619 976 2678 librum
992 2621 1080 2696 potui
1100 2621 1241 2694 nancisei,
1260 2637 1368 2696 quam-

226 2705 235 2732 ⁴
277 2748 369 2805 quam
392 2731 543 2806 repetitus
565 2748 633 2790 esse
654 2729 766 2788 dicitur
783 2728 982 2790 Znos'clraviae
998 2728 1090 2790 1677.
1103 2731 1135 2806 ²)
1178 2729 1284 2790 Latine
1299 2735 1369 2790 tan-

276 2843 342 2897 tum
365 2842 466 2899 exstat
493 2841 530 2898 in·
546 2839 614 2897 Lat.
637 2839 718 2926 Bibl.
739 2841 824 2898 Patr.
845 2840 986 2920 Lugdun.
1002 2837 1114 2900 XXVI.
1143 2861 1175 2918 p.
1200 2840 1290 2916 556„
1320 2844 1368 2900 in-

275 2950 421 3025 terpretis
456 2949 577 3007 nomine
600 2948 721 3006 omisso.
765 2947 856 3008 Hanc
878 2952 969 3028 igitur
992 2952 1275 3028 interpretationem
1297 2952 1368 3012 red-

276 3057 339 3119 didi
367 3077 399 3135 p.
426 3057 453 3118 1.
496 3057 632 3118 Alterius
665 3055 798 3118 confess.
835 3061 933 3140 prima
964 3060 1057 3119 editio
1089 3063 1142 3120 illa
1172 3066 1235 3136 est,
1277 3063 1367 3140 eujus

275 3168 429 3246 exemplar
449 3169 609 3230 Emanael
629 3169 780 3229 Molonas
800 3168 1044 3247 Peloponnesias
1066 3173 1148 3230 misit
1170 3171 1210 3232 ad
1225 3171 1367 3234 Crusium

274 3279 512 3360 Tubingensem,
533 3279 564 3338 in
587 3278 676 3356 cujus
699 3280 849 3358 Tarcogr.¹
871 3277 940 3338 libr.
957 3281 999 3341 ΙΙ.
1022 3301 1054 3360 p.
1083 3280 1142 3342 109
1163 3301 1228 3360 sqq.
1252 3283 1367 3362 legitur

273 3409 401 3470 graece,
434 3389 529 3450 latine
553 3392 585 3449 at
606 3391 733 3449 turciae.
778 3391 911 3450 Turcica
941 3393 1060 3472 graecis
1092 3396 1123 3452 et
1144 3393 1245 3452 latinis
1267 3394 1366 3455 literis

274 3503 456 3582 consignata
479 3503 561 3580 sunt.
606 3500 670 3562 Sub
688 3499 784 3560 'finem
809 3499 962 3580 adjectum
994 3505 1085 3563 etiam
1107 3505 1154 3563 est
1174 3505 1365 3564 Muhamme-

270 3653 503 3670 m

340 3743 368 3810 1)
386 3742 428 3796 Ad
443 3740 527 3796 verba
544 3740 650 3802 alterius
674 3740 789 3797 consess.
805 3743 837 3815 ζῇ
854 3746 974 3814 rosade,
992 3753 1063 3816 quae
1076 3745 1136 3799 sunt
1151 3761 1179 3815 p.-
1194 3750 1245 3810 11.‚
1260 3743 1366 3802 notavit

268 3823 355 3880 lineet
371 3825 401 3880 ln
414 3823 567 3880 Brassicani
583 3825 692 3880 libelloz'
713 3825 784 3891 Θεὸς
800 3827 904 3899 λέγεται
923 3827 1045 3886 ἀπὸτοῦ
1063 3833 1183 3899 θεωρεῖν
1201 3823 1237 3881 τὰ
1257 3826 1362 3898 πάντα,

269 3909 356 3964 oioosi
371 3907 481 3980 asnede
504 3909 552 3964 nal
569 3908 641 3973 θεὰς
657 3899 744 3981 ἤγουν
757 3913 870 3986 ’θεατής
885 3915 1010 3971 'adoran
1045 3911 1207 3972 natanta
1228 3911 1299 3976 dada
1317 3915 1362 3970 u-

267 4012 345 4062 paraa
361 3988 418 4050 elad
436 3997 489 4076 rori
508 3993 588 4052 θέειν
609 3997 657 4052 nal
680 3999 832 4070 διαερᾶχειν
857 4003 967 4071 asnede
985 4001 1033 4058 nal
1055 3996 1179 4071 ἄχρόνως
1201 3995 1237 4052 τοὶ
1257 3995 1361 4054 πάντα.

266 4080 304 4132 ‘O
324 4077 380 4150 polo*
402 4078 471 4144 θεὸς
493 4075 536 4137 a'sl
554 4081 602 4138 nal
623 4087 765 4153 πανταχοῦ
792 4081 943 4157 noioeane}
968 4102 1037 4155 quae
1058 4085 1221 4154 respondent
1244 4083 1361 4152 Latinis,

265 4177 334 4232 quae
356 4175 416 4218 sunt
431 4183 456 4236 p.
473 4171 497 4223 1.
513 4175 621 4239 praeter
643 4167 685 4234 ld,
705 4171 777 4238 quod
795 4169 863 4226 haec
883 4189 932 4244 pro
956 4171 1148 4225 consuetudine
1165 4165 1240 4224 Bibl.
1265 4169 1359 4238 paullo
1439 4197 1440 4256 p

264 4249 419 4318 copiosiora
436 4259 506 4306 sunt.
1439 4293 1440 4312 2

217 4331 225 4350 '
329 4339 359 4404 2)
378 4333 432 4390 cfr.
448 4335 664 4411 Baunaportat·
674 4336 792 4396 Ornatas
809 4337 1000 4411 compendium
1013 4339 1061 4396 der
1074 4337 1358 4412 Dogmengerehiehta

258 4423 334 4476 1840.
353 4437 379 4490 p.
397 4424 457 4478 244.
479 4431 534 4475 nor.
