2916 5172
459 438 789 558 Protogomena.'
1086 489 1170 536 rxrx

62 649 162 708 morat
185 645 325 708 duarum
353 665 555 725 personarum
576 669 593 710 o
614 649 710 711 Patre
739 649 888 730 originem
923 649 1089 728 aequtiam'
1111 651 1181 725 ced

62 757 244 836 diversam
276 759 364 835 quasi
397 761 506 820 auctor
537 761 576 822 dc
605 763 725 845 cunctis
758 779 820 820 non
850 760 888 822 de
914 759 984 822 'una
1017 761 1167 822 edisserat

62 885 210 944 persona.
260 871 363 946 Quare
386 873 478 932 otiam
499 870 543 947 fit,
573 874 611 930 ut
637 871 752 952 legenti
781 873 880 931 totum
900 872 1013 946 iocum,
1044 871 1165 949 adjecta
1199 937 1202 942 ,

63 981 197 1040 lectione
225 999 335 1060 marg„
357 982 466 1040 mirum
486 981 643 1054 videntur,
667 984 806 1044 curtam
829 983 930 1044 subito
953 981 1055 1060 aliqua
1075 1001 1164 1061 prae·

63 1093 146 1148 terea
170 1089 350 1166 addantur,
384 1111 462 1169 quac
485 1091 696 1152 tautummodo
719 1094 759 1153 ad
781 1094 929 1170 Spiritum
951 1112 976 1152 s.
998 1095 1164 1172 pertinent.

63 1200 100 1260 Ut
122 1202 264 1261 strictim
282 1202 433 1280 judicium
449 1201 493 1266 ‘de
515 1205 582 1263 tota
602 1221 637 1262 re
660 1203 788 1278 iaoiam3
821 1203 1002 1282 adscripsit,
1034 1207 1086 1281 qui
1108 1205 1164 1264 sibi

64 1313 246 1388 temperare
261 1331 323 1374 non
339 1313 449 1391 potnit,
465 1315 538 1390 quin
559 1315 789 1390 opportunitate
811 1313 883 1374 data
905 1315 1035 1392 capitale
1054 1315 1165 1394 do'gma

64 1422 175 1482 iterum
199 1423 378 1485 lectoribur
394 1425 584 1499 inculcaret,
615 1424 750 1484 offensus
780 1425 912 1484 tortasse
933 1425 993 1484 loci
1016 1413 1163 1485 breuitate

67 1533 253 1594 obscuritati
273 1535 402 1612 juncta,
437 1537 628 1612 quapropter
656 1535 710 1596 illa
736 1535 830 1596 rerba
863 1518 1036 1598 difficiliora
1057 1541 1164 1616 ἅμεσως

66 1653 109 1708 καὶ
127 1651 241 1724 ὁμοίως
258 1657 299 1718 εἰς
315 1651 367 1710 τόν
387 1652 456 1710 atta
471 1655 519 1712 uret
535 1654 567 1712 td
588 1659 702 1726 Πνεῦμα
724 1645 880 1706 dilatando
902 1665 967 1706 rem
996 1666 1033 1708 au
1056 1665 1163 1707 uumu-
1245 1672 1247 1676 ·

67 1753 156 1813 lando
179 1757 319 1816 clariora
339 1752 468 1818 r'oddoro
499 1758 547 1821 his
575 1759 675 1818 verbis
698 1773 760 1818 non
783 1757 947 1818 dubitarit:
979 1767 1037 1824 nat
1063 1761 1106 1824 &a
1133 1765 1163 1824 ἐκ

70 1965 114 2022 ani
138 1967 169 2026 ro*
195 1969 317 2038 menna
354 1961 439 2035 Quae
462 1971 498 2022 ox
520 1961 579 2022 illis
601 1962 823 2024 emendationis
844 1963 945 2044 gratia
964 1959 1162 2034 emanarirse,

70 2068 135 2144 quia
158 2071 221 2144 est,
244 2070 297 2148 qui
320 2087 381 2130 non
402 2070 526 2134 rideat?

151 2203 247 2264 diter
268 2203 374 2279 locus,
398 2207 429 2265 in
451 2223 512 2282 quo
534 2205 640 2265 Licndi
665 2206 776 2266 iratres
796 2207 960 2268 lectionem
986 2203 1164 2282 discrepan-

73 2313 130 2372 tem
151 2307 171 2376 a
194 2317 282 2374 tortu
304 2320 531 2392 apposuerunt,
564 2319 664 2376 minus
695 2317 808 2377 laboris
837 2319 979 2378 facesset.
1022 2315 1054 2376 Ie
1076 2315 1164 2375 loono

75 2427 118 2482 ost
137 2446 168 2502 p.
191 2425 254 2485 m.
278 2443 307 2502 q.
327 2423 397 2502 20„
431 2427 484 2486 ubi
508 2427 545 2488 do
567 2429 719 2505 baptismo
742 2431 843 2508 agitur
872 2428 1003 2507 ejusque
1025 2425 1164 2486 saluber-

75 2535 145 2594 rimo
173 2535 302 2596 effectu.
355 2537 627 2619 Verba'vulgatue
657 2541 745 2600 suutt
774 2543 872 2611 ὅποιος
896 2545 927 2603 dd
951 2517 1164 2616 §punctationem

76 2650 176 2720 aaron
194 2653 245 2712 aa
263 2624 336 2714 aa
354 2655 503 2730 emona
521 2655 577 2714 aaa
596 2656 648 2729 ap
666 2655 814 2729 ἁμαρτω.
855 2647 922 2724 pur
950 2665 1026 2708 vero
1048 2645 1165 2720 capus»
1272 2649 1277 2672 ·

77 2773 122 2814 mo
139 2764 300 2834 purgatur
322 2766 380 2834 cot,
412 2761 470 2820 ille·
489 2779 551 2820 non
572 2761 650 2819 liber
672 2779 693 2817 a
710 2763 861 2834 peccat03
892 2772 971 2830 quae
994 2773 1086 2830 quum
1109 2771 1166 2830 por

77 2881 107 2924 ra
127 2869 236 2928 insano
261 2865 448 2945 dictasunt,
469 2873 534 2930 tum
556 2887 628 2930 roro
652 2871 777 2928 maxima
801 2867 883 2926 illius
905 2865 967 2926 loci
985 2865 1165 2926 connexioni
1276 2889 1280 2896 ·

79 2980 240 3038 contrario.
284 2979 347 3042 Por
366 2981 499 3041 Licudoa
521 2981 591 3040 illos
619 2984 705 3040 recto
734 2979 775 3040 ad
794 2993 890 3060 marg.
911 2977 980 3038 libri
1003 2977 1165 3054 Sparwarr-

78 3087 198 3150 iotdiani
221 3107 279 3166 pro
297 3089 328 3148 a
346 3093 494 3168 scriptum
514 3091 575 3152 iuit
596 3091 652 3161 div,
673 3110 734 3168 quo
757 3091 840 3150 facto
862 3091 964 3148 omnia
985 3105 1061 3148 eona
1083 3089 1165 3146 suut.

78 3199 121 3260 ue
141 3203 179 3262 iis
204 3201 322 3262 scilicet
344 3221 445 3262 sermo
467 3206 523 3277 est,
545 3203 597 3279 qui
620 3221 682 3261 non
703 3203 827 3262 lavacro
850 3217 939 3260 sacro
960 3197 1070 3258 initiati
1092 3215 1166 3274 poc-

80 3287 151 3370 caia
179 3311 309 3370 involuti
339 3317 412 3373 sunt
444 3311 623 3389 divinaeque
655 3313 718 3370 irae
750 3311 850 3370 adhuc
880 3309 1052 3386 subjacent.
1105 3309 1168 3368 Sed

80 3421 180 3482 nullus
203 3421 354 3482 editorum
384 3423 543 3500 hucusque
572 3423 655 3484 illam
684 3439 788 3482 veram
818 3423 850 3480 ot
879 3421 944 3480 sinc
971 3420 1064 3482 dubio
1089 3421 1167 3479 anti-

81 3511 166 3606 quanr
188 3533 353 3594 lectionem
379 3537 648 3610 quantumcunque
679 3533 818 3592 omnibus
840 3530 1002 3607 probatam
1023 3533 1055 3590 in
1077 3545 1167 3588 suurn

80 3645 191 3706 textum
213 3645 342 3721 recepit.
386 3647 584 3705 Sustentatur
605 3663 623 3706 a
643 3643 780 3704 Frischio
801 3643 957 3702 vertentur
978 3641 1082 3702 Doher
1104 3657 1170 3700 wer

82 3759 162 3816 nicht
190 3755 311 3836 getauit
338 3757 395 3828 iat,
429 3755 485 3816 dor
513 3757 597 3816 kann
626 3775 688 3818 von
715 3755 770 3814 dor
800 3753 905 3814 Siinde
933 3752 1022 3812 nicht
1049 3751 1170 3826 beircyt
1292 3811 1294 3814 .

83 3885 161 3945 rapu,
185 3867 320 3930 sonddrn
339 3868 380 3929 ist
403 3867 452 3928 ein
472 3867 556 3928 Kind
578 3868 631 3928 des
656 3867 753 3926 Ζοτηε
775 3865 840 3926 und
862 3865 917 3924 dor
938 3864 1056 3942 owigen
1078 3863 1167 3938 Quat.

84 3980 162 4054 Quae
187 3979 289 4052 omnia
312 3977 439 4038 Graecis
469 3981 607 4054 patribus
637 3979 759 4038 omnino
790 3995 858 4046 asse
880 3993 1035 4054 congrua,
1068 3976 1099 4033 in
1121 3975 1167 4032 his

85 4093 170 4150 rubus
192 4086 389 4152 mediocriter
410 4091 522 4150 versati
554 4091 638 4152 haud
655 4079 859 4163 'nesciunt1).
927 4099 929 4108 “

148 4343 175 4412 1)
196 4341 284 4398 Docet
295 4341 353 4413 jam
369 4342 440 4398 Just.
456 4340 498 4396 Μ.
516 4339 587 4394 Diui.
605 4357 629 4394 c.
647 4337 747 4409 Tryph.
772 4355 796 4391 c.
816 4333 888 4389 xlv.
906 4352 933 4420 p.
949 4333 1019 4398 2312,
1035 4334 1167 4403 baptismo

87 4423 215 4484 homiuem
239 4426 351 4500 adipisci
376 4429 411 4484 de
435 4427 489 4484 dau
514 4425 690 4497 cognitionem
716 4431 939 4495 peccatorumque
970 4420 1168 4488 remissionem
