2896 5180
474 458 796 556 Prolegomeua.
838 473 842 482 '
1060 557 1064 566 ,
1099 502 1188 552 axau

78 663 197 704 carum
221 644 439 721 imperatorem
458 647 563 750 nescio
587 649 660 725 quid
681 619 945 730 cpuseqti'ereirtur
961 656 1002 740 ι).
1046 663 1109 724 Sed
1122 669 1187 727 tum

76 755 112 813 id
138 758 228 814 certe
251 774 314 814 nou
338 756 411 830 satis
434 774 560 831 possum
582 759 786 838 computare,-
811 770 913 828 bmuia
944 775 1127 850 exemplaria
1149 779 1187 836 ab

76 863 276 940 Ordinibus,
310 865 362 940 qui
383 867 441 942 ipsi
464 872 582 926 sumtus
612 869 773 950 iecissent5
808 865 1095 960 Constantinopolin
1118 907 1186 948 esso

75 979 279 1038 transmissa.
322 976 383 1036 Illa
412 977 492 1036 enim
523 978 615 1038 editio
649 988 799 1059 nusquam
830 995 981 1068 apparet}
1010 993 1079 1071 ojus
1113 1013 1186 1058 vero
1306 1005 1314 1024 ‘

74 1090 130 1148 vel
156 1085 346 1160 πρωτότυπον
375 1087 424 1145 rel
453 1083 696 1168 manuscriptum
729 1095 854 1172 'aliquod
885 1102 985 1172 fertur
1017 1121 1036 1163 a
1065 1105 1186 1168 Gallico

77 1199 191 1278 legato
215 1196 352 1257 Parisios
383 1199 508 1256 missum
538 1185 634 1274 luisse
650 1203 691 1278 ²).>
734 1206 851 1268 Iterata
882 1213 973 1272 etiam
1002 1217 1034 1274 et
1063 1217 1184 1292 quidem

74 1309 232 1386 precibus
256 1305 396 1382 Dionysii
431 1319 499 1367 esse
522 1309 700 1391 dicitur³);
733 1299 770 1376 de
794 1324 854 1394 qua
884 1341 963 1383 nova
988 1324 1060 1385 edit.
1084 1330 1184 1400 minus
1220 1394 1223 1403 ¹

76 1423 177 1480 etiarn
201 1437 293 1494 quam
316 1418 354 1476 de
377 1420 475 1494 prima
500 1415 629 1484 constat.
673 1410 756 1486 Hinc
776 1428 969 1493 Nonnianuus
992 1437 1131 1514 conjicit
1153 1441 1185 1498 iu

75 1531 204 1590 iteratis
236 1527 324 1586 editt.
357 1529 587 1609 aPauagituta,
623 1534 744 1595 homine
775 1531 949 1602 doctissimo
979 1547 1102 1622 quidem
1131 1551 1186 1609 sed

76 1642 248 1700 vaferrimo
265 1639 387 1718 ingeniti
402 1637 446 1715 4)‚
469 1627 552 1701 haud
569 1651 669 1720 pauca
690 1647 822 1710 sortasse
845 1672 913 1713 esse
935 1660 1062 1718 mutata.
1095 1661 1185 1736 Quod

78 1757 148 1812 tum
168 1749 385 1809 difficillimum
408 1753 455 1809 est
472 1752 511 1811 ad
530 1743 809 1833 demonstrandum,-
822 1769 927 1842 *quum
943 1767 1060 1827 nullum
1080 1790 1183 1836 emen

79 1863 215 1921 clationis
239 1861 358 1919 clarum
380 1865 529 1937 appareat
550 1853 728 1944 uestigium,¹
757 1872 823 1928 turn
856 1877 958 1934 avari
983 1880 1182 1944 similitudine
1252 1956 1254 1962 Ι

78 1975 203 2033 videtur
225 1973 404 2046 abhorrere,
427 1973 560 2048 aliquem
580 1975 629 2034 vel
647 1969 786 2039 doctrina
804 1984 836 2041 et
854 1988 1036 2048 auctoritate
1053 1995 1181 2054 maximo

78 2085 285 2160 conspicuum
314 2083 394 2144 libre
431 2072 642 2146 ecclesiastico
676 2108 738 2148 non
772 2087 967 2172 pepercisse,
1000 2106 1182 2176 praesertim

78 2211 175 2270 quum
200 2193 283 2252 idem
307 2193 359 2253 ille
391 2193 429 2254 ‹le'
458 2203 576 2256 summa
604 2199 635 2256 in
658 2199 751 2260 rebus
775 2199 954 2282 diigmnticis
978 2213 1009 2270 et
1031 2212 1181 2293 liturgicis
1281 2252 1285 2258 ·

77 2305 256 2364 constantia
278 2307 483 2382 maximopere
506 2311 628 2384 semper
650 2305 799 2390 gloriatus
822 2289 924 2375 51114-
946 2320 1052 2382 Prima
1078 2325 1181 2400 editio,

78 2431 158 2490 quae
183 2414 376 2475 Graecorum
400 2417 571 2481 doctrinam
590 2419 751 2481 Geintauis
774 2419 947 2503 'ceterisque
970 2435 1081 2492 exteris
1104 2456 1181 2514 geu-

76 2525 158 2588 tibus
191 2525 374 2601 impertivit,
403 2525 464 2586 tuit
485 2521 731 2592 Normdmtiu'nm
774 2534 959 2598 Laurentius
989 2543 1070 2602 enim
1099 2545 1180 2606 Nor-

76 2641 229 2709 mannus,
263 2636 398 2712 Ilpsalae
420 2638 585 2698 Professor
620 2641 807 2722 Theologiae
840 2639 943 2723 ibique
975 2652 1179 2716 bibliothecae

78 2730 285 2823 Praepositus
315 2743 463 2828 (donatus
490 2745 602 2830 1703.)
633 2763 714 2810 anuo
740 2751 832 2814 1688.
864 2759 1056 2822 adotriole
1077 2764 1179 2842 Spor-

146 2971 176 3057 l)'
200 2971 316 3041 ¹T'emt'zel
331 2986 506 3043 monatliclte
529 2977 763 3066 Unterretlunpeu
786 2987 862 3052 luen.
882 3015 909 3070 p.
926 2993 986 3057 tlt.

146 3077 177 3156 2)
195 3087 242 3166 De·
259 3099 405 3162 prototypo
431 3100 520 3146 narrat
544 3093 614 3148 idem
631 3093 781 3150 'leutzeliua
800 3115 827 3169 p.
843 3101 904 3154 tall.
924 3103 965 3158 cll.
987 3117 1045 3159 eum
1065 3107 1178 3178 praelat.

76 3175 155 3242 quarti
173 3173 363 3230 informamus
387 3193 452 3231 suae
478 3178 595 3235 consess.
621 3181 683 3235 edit.
703 3181 838 3252 praefixit,
856 3204 882 3256 p.
897 3187 939 3242 ut.
975 3187 1020 3244 lle
1037 3197 1179 3255 manuscri-

76 3270 123 3330 pto
149 3257 235 3314 refert
259 3249 447 3314 Nomentana
471 3279 497 3332 p.
514 3262 556 3316 tt.
592 3262 659 3318 lllud
680 3263 737 3334 jam
761 3287 832 3324 auno
853 3267 927 3326 1671.
953 3273 987 3327 ab
1013 3270 1073 3346 ipso
1091 3277 1179 3334 Pana·

77 3347 150 3416 ginta
169 3345 267 3400 dicitur
291 3339 324 3400 nd
342 3343 528 3400 Marclriouem
554 3347 588 3402 de
611 3346 721 3404 Nointel
751 3370 809 3406 cum
835 3352 948 3426 epistula
975 3357 1081 3416 missum
1107 3383 1178 3433 esse,

77 3441 105 3486 ut
123 3433 157 3487 ab
177 3443 286 3486 oratore
304 3429 330 3484 in
348 3433 460 3502 patriam
478 3449 589 3487 reverso
608 3437 694 3505 possit
719 3437 806 3508 palam
830 3437 959 3494 declarari
981 3453 1008 3498 et
1025 3443 1079 3500 hoc
1096 3448 1178 3502 docu-

78 3527 169 3574 mento
199 3515 387 3590 comprobari,
415 3517 576 3572 Graecorum
602 3518 684 3579 fidem
702 3517 855 3592 longissime
872 3544 889 3580 a
907 3525 1060 3590 Oalviniana
1080 3532 1178 3590 disme-

76 3620 149 3674 pnret
186 3603 337 3660 Menoeten.
357 3612 443 3658 autem
465 3615 535 3658 auito
555 3604 630 3658 1673.
648 3605 771 3678 Dionysii
791 3607 865 3664 Patr.
883 3611 970 3685 sigillo
990 3613 1176 3674 confirmatum

76 3707 132 3742 cum
150 3690 234 3744 literis
252 3690 320 3742 misit
337 3689 439 3759 legatus
458 3687 592 3758 Parisios,
616 3689 650 3744 de
668 3705 696 3746 re
714 3688 787 3763 quasi
807 3707 879 3750 nova
897 3707 924 3751 et
941 3696 1057 3753 inaudita
1074 3702 1172 3772 gloria-

76 3783 126 3841 tus,
145 3785 215 3830 testa
232 3773 400 3829 Normanuo.
436 3774 565 3828 Videntur
583 3775 650 3830 haec
668 3777 834 3850 discrepare,
856 3783 954 3853 quippe
974 3783 1101 3840 alterutro
1115 3786 1173 3857 jam

77 3858 244 3926 sufficiente,
270 3860 313 3914 rel
333 3867 479 3930 prototypo
498 3861 540 3913 rel
560 3861 614 3916 lroc
631 3877 760 3920 manuscr.
797 3863 949 3938 Utrumque
968 3867 1083 3927 tortasse
1102 3884 1176 3930 stare

78 3947 185 4014 poterit,
205 3963 284 4014 quum
301 3954 467 4018 prototypon
492 3945 526 3998 ab
549 3945 693 4016 interprete
710 3947 843 4018 traditum,
869 3964 932 4024 post
956 3957 1123 4027 patriarchae
1141 3959 1176 4012 si·

78 4031 137 4098 gillo
157 4031 299 4102 probatum
318 4028 437 4083 Parisios
456 4031 562 4110 missum
581 4046 643 4086 esse
663 4034 779 4092 dicimus.
816 4035 868 4092 Vix
892 4055 959 4093 vero
977 4049 1042 4110 puto
1060 4042 1175 4112 legatum

79 4113 144 4170 duos
163 4116 222 4170 lere
242 4131 327 4169 anuos
345 4112 489 4186 praeterire
505 4133 612 4186 passum
631 4118 721 4174 luisse.

142 4218 173 4289 3)
198 4215 312 4272 ramirez
337 4217 354 4270 l.
372 4215 389 4270 l.
418 4233 445 4287 p.
463 4219 524 4272 444.
560 4217 706 4276 Arnoldna
729 4221 746 4276 1.
763 4225 780 4278 l.
799 4243 827 4297 p.
842 4223 921 4290 685„
946 4225 990 4296 qul
1008 4231 1034 4282 et
1051 4189 1174 4301 Dionysii

78 4299 163 4357 litem
181 4304 244 4368 edit.
263 4302 480 4358 commendantes
499 4305 576 4376 operi
593 4323 644 4362 suo
664 4308 781 4365 inseruit.

143 4405 171 4474 t)
182 4405 306 4480 ¹l'turtaet
323 4405 342 4459 l.
359 4406 377 4462 l.
405 4423 432 4477 p.
448 4404 507 4462 449.
