2916 5172
471 459 799 552 Prologujmouu,
1059 481 1183 536 uxvrr

85 639 327 708 Botbloemltiea
356 633 534 721 nuncupato
555 647 613 706 est.
655 643 720 722 Ipsi
750 646 829 706 enirn
854 645 1183 722 patres'solllleroso-

86 757 181 832 lymis
212 775 280 818 esse
311 755 415 836 palam
446 755 579 832 professi
608 757 681 816 sunt
710 773 741 832 p.
771 753 851 830 425,
882 753 962 830 433,
992 755 1071 836 481,
1101 757 1184 837 4853

86 867 253 928 Bethleem
275 885 349 928 vero
379 865 592 948 significabant
619 870 773 944 tamquam
797 863 977 946 oppidulum
997 869 1143 930 remotius
1165 887 1185 932 u

88 997 121 1038 se
145 979 241 1038 sitnm
262 995 295 1055 p.
319 974 391 1036 los.

181 1088 367 1148 Calvinistso
395 1103 469 1146 vcro
499 1103 593 1161 quum
623 1087 763 1148 acerrimi
791 1087 896 1151 hostes
924 1087 1127 1162 haberentur3
1144 1090 1184 1151 ⁴is
1221 1062 1226 1070 ’

88 1200 221 1260 maxime
251 1199 312 1258 snit
342 1195 571 1276 profligandns,
598 1200 649 1274 qni
671 1197 793 1256 illorum
817 1197 960 1277 dogmate
980 1199 1012 1256 in
1035 1197 1185 1261 Graecum

88 1309 256 1368 ecclesiam
285 1308 383 1368 voluit
412 1307 563 1384 quondam
593 1309 756 1382 inducere,
786 1307 825 1368 sd
848 1307 937 1384 cujus
960 1309 1185 1371 contessionem

90 1417 206 1478 Gallici
229 1419 401 1478 Reformati
422 1419 640 1494 provocabant,
667 1437 761 1494 quum
782 1417 919 1478 Graecos
942 1419 1048 1480 eodem
1071 1421 1199 1483 senuna

90 1528 313 1590 declamarent
358 1528 490 1604 cyrillus
521 1529 615 1608 igitur
641 1529 788 1603 lucaris,
819 1531 871 1606 qui
893 1527 986 1608 huJ'us
1008 1532 1186 1592 controver-

91 1639 159 1700 siae
186 1641 376 1718 praebuerat
403 1657 508 1698 ansam
532 1641 563 1698 ot
592 1639 682 1716 cujus
712 1640 813 1700 studio
835 1641 916 1700 intra
942 1641 1026 1720 ipsos
1049 1638 1186 1705 Graecos

95 1751 196 1812 adbuc
228 1751 349 1830 reliqua
378 1751 438 1810 fuit
466 1751 578 1824 iaetio,
607 1743 718 1810 rursus
749 1755 816 1812 erut
844 1751 1070 1832 impugnandus
1100 1753 1131 1812 et
1158 1751 1185 1810 si

94 1861 174 1922 lieri·
188 1863 291 1940 possit
319 1862 442 1938 penitus
475 1859 722 1938 exstinguendus.
771 1862 809 1922 In
839 1880 900 1938 qua
928 1881 964 1922 re
997 1859 1187 1923 conficienda

96 1976 199 2048 patres
231 1990 294 2032 non
325 1971 390 2031 sino
421 1969 617 2050 dexteritate,
649 1989 759 2052 magna
789 1991 862 2034 vero
891 1991 962 2032 cum
981 1973 1011 2032 vi
1034 1975 1066 2032 et
1087 1972 1187 2052 grevi-

95 2084 159 2142 tate
186 2083 233 2144 ita
261 2083 373 2142 versati
402 2084 483 2142 snut.
530 2079 775 2156 contendentes,
805 2081 985 2144 Calvinistas
1014 2082 1186 2144 haereticos

95 2193 177 2254 houd
206 2179 352 2272 iguorme
380 2189 580 2252 Orientalium
608 2181 786 2272 dogmatum
812 2193 1065 2271 discrepantium,
1095 2211 1186 2269 qnam

96 2321 169 2364 sero
186 2303 391 2377 dissimulent,
407 2322 447 2362 no
463 2304 547 2362 extra
568 2305 735 2379 quamlibet
756 2305 918 2366 eeclesiam
940 2306 960 2364 i.
983 2323 1020 2380 a,
1043 2323 1081 2364 no
1099 2302 1187 2362 Chri-

100 2417 215 2474 stianos
247 2412 369 2488 quidem
400 2429 453 2472 eos
482 2431 567 2486 esse,
591 2415 690 2490 possit
720 2417 859 2478 convinci
888 2411 934 2495 (p.
966 2412 1063 2490 330),
1094 2431 1188 2490 quum

99 2526 137 2584 ab
159 2525 293 2588 ecclesia
315 2522 467 2582 catholice
488 2521 601 2600 injuste
623 2528 816 2601 recesserint,
838 2545 904 2586 non
921 2543 993 2586 vero
1014 2526 1046 2584 in
1069 2524 1188 2586 eunctis

101 2652 170 2696 eum
201 2633 330 2696 Graecis
360 2635 554 2694 consentiant
582 2630 635 2710 (p.
665 2632 768 2710 331),
798 2635 869 2694 illos
898 2636 1029 2694 seientes
1053 2653 1089 2694 aa
1112 2653 1188 2710 pru-

90 2745 223 2819 dentes,
256 2761 350 2820 quum
380 2765 415 2804 ex
444 2744 614 2817 Jeremiae,
643 2743 772 2802 ioannis
793 2743 1005 2818 Nathanaelis,
1035 2744 1188 2806 Gabriolis

101 2857 214 2918 Seuerii
238 2840 381 2916 'lloreani
404 2855 593 2930 aliorumque
622 2855 744 2932 scriptis
773 2852 821 2932 (p.
850 2854 923 2916 33⁵.
946 2858 977 2916 ot
999 2853 1089 2930 483.)
1121 2873 1189 2915 cor·

91 2969 179 3026 ¹tlora
202 2966 240 3026 de
262 2965 451 3026 Graecorum
474 2965 534 3024 fide
556 2965 730 3042 potuissent
759 2967 944 3042 comperire,
967 2969 998 3028 et
1019 2967 1087 3042 ipse
1107 2963 1190 3025 Con-

100 3077 195 3138 fessio
219 3076 405 3152 Orthodoxa,
432 3095 522 3152 quam
552 3076 694 3160 universa
724 3078 881 3156 agnoverit
910 3076 1030 3138 Graeca
1060 3074 1191 3136 ccclesia

100 3185 148 3265 (p.
172 3182 274 3267 336.),
295 3204 368 3246 vera
397 3188 429 3246 et
450 3187 569 3246 sincera
591 3187 791 3246 Orientalium
819 3187 1114 3264 placitapropositu
1134 3185 1191 3246 ha-

101 3297 183 3374 beat,
204 3273 370 3363 falsissima
391 3297 608 3376 excogitatisse
640 3300 880 3372 conqueruntur.
924 3299 1011 3375 Quas
1034 3313 1127 3374 quum
1147 3298 1192 3358 ito

103 3410 178 3486 sint,
207 3427 262 3468 ser
289 3407 375 3466 locos
405 3408 463 3467 sibi
492 3410 617 3467 sumunt
642 3411 747 3484 patros
778 3408 984 3485 explanandos
1005 3426 1043 3468 ac
1065 3395 1190 3468 demon·

104 3518 257 3593 strandos,
274 3518 383 3593 quibus
400 3516 653 3592 aduersariorum,
673 3518 891 3594 simpliciorum
912 3520 1030 3580 montes
1053 3535 1191 3578 eorrum-

102 3647 175 3706 pere
197 3628 365 3688 volentium
386 3626 432 3705 (p.
456 3627 546 3704 337),
569 3628 757 3705 impudentia
780 3629 818 3689 ab
842 3629 937 3707 stirpe
958 3628 1026 3689 tolli
1056 3625 1192 3686 confide·

85 3743 179 3816 ,rent
217 3741 278 3798 Sex
301 3737 461 3816 capitibus,
484 3739 593 3814 quibus
616 3741 759 3798 constant
780 3739 888 3815 synodi
909 3743 988 3815 acia,
1007 3740 1085 3799 haee
1103 3727 1191 3798 ¹com-

103 3852 291 3926 probantur:
323 3851 453 3926 primum
480 3849 625 3923 cyrillum
650 3869 804 3926 nunqnam
827 3829 866 3910 sd
888 3837 1120 3910 Calvinistarunr
1141 3869 1193 3911 ro-

105 3963 219 4022 tionem
251 3960 288 4020 de
319 3936 411 4018 rebus
444 3959 549 4018 divinis
582 3960 631 4020 rel
665 3962 816 4040 cogitasse
849 3960 897 4021 vel
935 3961 1058 4037 publice
1091 3951 1193 4038 prirn-

105 4073 220 4148 timquo
254 4069 364 4130 dixisse
397 4089 434 4130 sc
474 4071 655 4148 scripsisse3
694 4071 820 4146 deinde,
842 4076 877 4132 ut
898 4072 991 4132 luerit
1024 4071 1192 4130 confessio-

106 4181 151 4242 nis
179 4173 307 4256 auctor,
339 4180 437 4255 hanc,
471 4167 533 4238 non
564 4180 695 4258 publitis
729 4181 919 4240 documentis
952 4183 1191 4260 comprobatam,

106 4291 219 4352 nullam
241 4291 482 4365 mercri‘fidem3
505 4295 569 4350 lum
592 4309 658 4350 eum
682 4311 742 4350 non
765 4310 822 4368 pro
845 4293 1017 4352 Orienlab's
1039 4295 1201 4352 eeclesiae·

106 4399 175 4464 fidei
197 4403 383 4479 expositione
405 4400 575 4467 habendam
584 4419 595 4478 3
624 4417 717 4478 porro
748 4419 815 4460 eam
841 4419 995 4476 nunquam
1020 4402 1191 4462 orientales
