2896 5180
470 395 794 492 Prologonrena.
1121 413 1184 484 xix

16 602 18 611 ·
79 581 216 640 interior
237 581 269 640 et
290 575 384 656 hujus
417 580 464 640 sni
500 576 596 660 ipsius
621 587 826 664 conscientia,
855 591 941 666 quasi
973 596 1101 656 exterior
1132 599 1179 659 dei

83 694 209 768 natura,
231 708 304 748 suas
331 690 425 750 habet
455 694 645 768 portasse.
669 699 700 758 et
722 693 797 759 deus
821 701 962 761 attilius.
1007 706 1074 765 Hac
1105 727 1177 771 sane

81 803 217 876 ratione,
242 820 333 878 quarn
356 802 551 882 sagacissime
574 808 774 894 excogitatam
793 829 860 870 esso
876 817 1099 893 cognoscimus,
1121 840 1179 898 po-

81 914 142 972 tuit
166 911 348 972 Gennadius
365 910 518 971 Graccum
541 931 611 973 cum
628 915 738 998 Latino
761 919 902 1000 dogmate
924 925 967 998 ita
989 931 1177 1010 consociare,

13 1077 14 1080 ,
80 1025 117 1082 ut
139 1026 294 1098 utraeque
323 1019 473 1082 factiones
502 1001 594 1098 inea
622 1028 861 1103 acquiescerent.
888 1033 1075 1098 ⁴Monstrum
1098 1044 1177 1106 enim

80 1133 142 1193 hoc
165 1134 257 1208 qnasi
279 1134 413 1192 carmine
436 1133 578 1209 dimovit,
609 1137 692 1212 quod
716 1137 826 1198 Graeci
848 1141 940 1200 veluti
961 1143 1076 1230 larvam
1097 1171 1178 1216 sern-

80 1263 139 1321 per
163 1244 385 1316 extimuerunt,
416 1243 484 1302 dico
507 1225 702 1320 sententiam,
724 1249 956 1314 abominabilem
980 1256 1122 1335 ductam,
1144 1266 1176 1324 in

83 1355 187 1413 divino
213 1354 337 1412 numine
360 1373 429 1413 esse
459 1353 522 1416 ‚duo
545 1355 704 1432 principia.
747 1359 894 1426 Romanis
916 1384 988 1424 vero
1018 1371 1176 1450 satisfecit,

86 1465 168 1543 quod
193 1485 231 1524 ex
261 1483 324 1522 uno
354 1465 507 1541 principio
537 1464 638 1524 divino
667 1468 768 1544 posito
800 1473 930 1547 produci
962 1482 1081 1540 censuit
1109 1487 1177 1562 tria,
1277 1553 1279 1560 ,

88 1593 217 1652 qnorum
240 1576 365 1634 tertium
388 1576 550 1652 exprimis
578 1576 716 1651 duobus,
747 1598 826 1655 quae
855 1584 985 1646 vicissim
1015 1590 1046 1648 in
1069 1609 1103 1652 se
1125 1615 1178 1658 va-

91 1686 188 1761 lcant,
212 1704 282 1744 esse
306 1687 396 1761 atque
420 1687 493 1745 oriri
515 1685 621 1746 voluit.

170 1795 339 1856 Adnotavit
359 1798 554 1859 Poreevtnur
583 1797 614 1856 in
646 1800 797 1874 apparatu
827 1819 915 1862 sacro
946 1809 986 1868 ad
1011 1814 1177 1890 scriptores

89 1909 123 1967 V.
146 1909 175 1966 et
194 1906 231 1966 N.
256 1907 405 1982 Testem,
428 1909 480 1984 qui
502 1907 581 1966 liber
602 1907 762 1969 clarissimi
784 1909 921 1974 Jesuitae
942 1921 1056 1994 prodiit
1077 1926 1177 1990 Vene-

86 2020 144 2078 tiae
167 2020 201 2076 ct
223 2015 331 2078 Coton.
358 2014 439 2078 1603
463 2015 617 2091 et1708,
651 2023 821 2080 memoratu
850 2023 974 2105 dignum
1001 2050 1068 2092 esse
1090 2035 1177 2114 illud,

74 2127 167 2205 'qnod
192 2127 372 2192 Gennadius
406 2147 512 2208 sacrae
541 2107 686 2190 trinitatis
714 2149 863 2208 personas
894 2137 1002 2199 dixerit
1029 2145 1178 2208 idiomata

86 2241 385 2316 seuproprz'etutee.
430 2237 520 2316 Quod
544 2256 637 2316 quum
650 2241 865 2321 Lugdunensis
886 2247 959 2307 bibl.
982 2259 1061 2328 patr.
1084 2259 1178 2320 maxi-

85 2370 150 2410 mae
174 2349 310 2410 editores
333 2349 428 2426 priori
451 2349 636 2410 confessioni
657 2351 883 2434 praefigerent,
920 2363 1007 2436 qnasi
1037 2365 1076 2425 ad
1098 2368 1178 2430 hauc

85 2461 246 2520 Posserini
263 2456 414 2536 judicium
436 2463 610 2539 spectaret3
631 2461 828 2524 vehementer
852 2462 923 2528 salsi
938 2476 1019 2531 sunt.
1063 2477 1100 2536 In
1119 2477 1177 2540 hac

87 2574 166 2632 enim
190 2590 222 2647 p.
243 2571 272 2630 2.
298 2569 328 2630 4.
351 2572 383 2628 et
405 2572 528 2648 saepius
557 2573 819 2648 perseuerantia
840 2579 975 2640 trinitate
998 2589 1110 2647 mentio
1132 2588 1177 2650 fit.

13 2641 14 2676 ³
89 2683 217 2757 Spectat
237 2681 339 2756 potius
363 2680 403 2739 ad
425 2681 553 2739 alteram
576 2681 740 2768 consess,
760 2684 792 2741 in
821 2685 911 2764 cujus
933 2692 1023 2750 tertio
1047 2698 1177 2760 articulo
1202 2715 1211 2744 ἱ

90 2793 122 2850 in
145 2789 203 2849 deo
223 2793 345 2866 praeter
367 2788 443 2848 atias
464 2790 592 2849 virtutes
616 2789 655 2849 ad
675 2791 823 2852 humanas
841 2799 971 2882 propius
995 2806 1178 2872 accedentes

88 2921 156 2961 esse
181 2905 251 2967 ἄλλα
268 2913 334 2982 τρία
352 2909 492 2978 ἰδιώματα
516 2900 669 2976 dicuntur,
692 2921 728 2962 ex
750 2905 859 2980 quibus
876 2913 997 2972 ceterae
1013 2915 1085 2978 iliae
1100 2922 1178 2984 tam·
1198 3001 1200 3006 A

87 3031 178 3090 quam
202 3031 237 3070 ex
260 3030 316 3069 suo
345 3010 431 3070 tonte
462 3015 665 3090 promanent,
695 2995 788 3090 inque
817 3018 927 3092 quibus
958 3024 1025 3099 ipsa
1047 3027 1096 3088 dei
1117 3034 1178 3094 vita

85 3124 264 3182 consistat⁴
288 3121 356 3180 Non
377 3139 450 3179 vero
473 3119 612 3181 Gennad.
637 3124 668 3182 in
699 3113 847 3186 hocsoio
870 3133 992 3194 nomine
1017 3141 1177 3220 acquievit,

86 3233 178 3310 cujus
207 3235 256 3290 rix
286 3233 510 3292 excusationem
550 3237 658 3292 nactus
688 3239 778 3294 esset.
831 3236 1005 3320 Prudenter
1043 3249 1158 3328 adjecit

85 3345 164 3403 haec
186 3341 247 3401 tria
268 3342 412 3403 idiomata
434 3362 489 3403 nos
511 3362 655 3402 vocamus
677 3361 752 3426 τρεῖς
769 3353 953 3432 ὑποστάσεις,
977 3359 1008 3416 ct
1029 3362 1108 3435 quiae
1130 3364 1178 3424 in-

86 3472 184 3530 super
207 3453 289 3528 apud
304 3452 445 3512 Crucium
463 3453 608 3533 leguntur
628 3457 716 3535 ἤγουν
738 3465 804 3533 τρία
826 3466 977 3538 πρόσωπα,
1006 3485 1084 3543 quae
1100 3473 1179 3535 Pos-

87 3563 211 3622 sevinus
233 3565 263 3621 in
286 3583 342 3623 sno
371 3567 455 3638 textu
488 3584 551 3624 non
580 3565 732 3626 invenisse
761 3565 891 3627 videtur.
935 3565 1098 3653 Utcunque
1127 3601 1178 3644 res

87 3692 121 3732 se
143 3674 255 3750 habet3
281 3675 340 3734 hoc
362 3675 564 3734 certissimum
588 3680 651 3753 est,
681 3673 892 3754 Gennadium,
923 3684 959 3741 ut
980 3702 1036 3744 nos
1060 3690 1178 3756 trinita.

85 3788 160 3857 tem,
183 3785 242 3842 tria
264 3780 315 3844 illa
338 3785 460 3866 singula
480 3801 606 3846 vocasse
636 3788 850 3878 proprietates
878 3805 941 3854 non
970 3796 1037 3873 elei,
1066 3806 1101 3863 ut
1119 3825 1177 3868 nos

86 3895 256 3954 trinitatem
278 3877 416 3972 dicimus,
439 3895 548 3958 sedin
569 3899 644 3972 deo,
666 3898 699 3956 in
723 3900 832 3974 quibus
848 3905 947 3966 verbis
964 3910 1061 3971 omnis
1083 3917 1177 3978 cardo

86 4005 226 4062 vertitur.
270 4005 434 4068 latuerunt
463 4007 516 4069 illa
544 4009 620 4086 deo,
652 4009 807 4087 tamquam
829 4011 963 4086 tvsqystm
985 4023 1040 4078 art.
1062 4019 1111 4098 4.,
1141 4034 1177 4088 ut

88 4133 184 4193 supra
207 4114 322 4175 dictum
344 4122 408 4194 est,
430 4121 473 4180 ita
493 4122 529 4179 ut
550 4133 607 4195 pro
630 4115 697 4196 ejus
720 4123 906 4196 expositione
928 4125 987 4186 dici
1009 4129 1117 4194 liceat:
1146 4141 1178 4200 in

88 4224 147 4284 deo
181 4230 228 4285 cst
259 4239 356 4305 Νοῦς,
382 4238 486 4310 Λόγος,
512 4241 644 4308 Πνεῦμα,
678 4230 760 4306 (111Οᾶ
791 4233 894 4292 nullus
923 4239 1176 4315 gratitflr'ferat.

87 4333 157 4394 Non
177 4353 250 4396 raro
272 4338 375 4400 inania
396 4339 541 4401 virtutum
572 4341 649 4400 haec
670 4341 763 4400 verba
785 4347 856 4402 eunt
862 4361 873 4418 3
905 4348 960 4407 sed
990 4367 1045 4412 sua
1067 4360 1178 4420 natura
1203 4347 1211 4360 ⁵

835 4454 884 4510 b*
