2896 5180
267 441 337 534 sm
526 509 529 516 ,
658 421 982 533 maragentus
1072 393 1075 404 ’

273 595 359 690 §pud
389 619 460 676 enm
487 601 640 674 venees
669 608 761 687 Quod
790 595 871 672 edim
900 609 948 670 rix
972 607 1044 672 dari
1073 613 1177 688 possa·
1194 603 1371 680 ridebatur,

274 722 322 798 ut,
342 714 464 796 rusca,
485 721 578 800 geute
597 709 723 780 dromida
733 729 788 780 ac·
801 719 886 795 iera,
907 721 1016 786 urbem
1037 717 1373 793 tenentibus,·tiraeci

274 834 404 914 posteat
423 831 505 892 intr-a
525 827 636 894 erdem·
661 832 786 891 moenia·
809 817 974 908 manqmlle
1003 829 1133 910 degam
1166 827 1198 888 ic
1227 828 1373 890 Patriar-

275 941 354 1002 use
374 957 435 1019 opo
457 918 503 1002 'ec
525 941 645 1002 uranu
658 935 745 1002 aare
771 941 883 1004 meaa
907 943 1102 1020 emissione
1129 941 1275 1002 menum
1308 940 1383 997 ese

217 1101 221 1114 t
275 1050 433 1114 Plocami
454 1067 527 1116 vero
544 1039 648 1131 'liujus
673 1051 758 1131 fidet
772 1051 980 1131 confremuit
1003 1050 1157 1130 duplicem
1181 1050 1373 1110 editionem

275 1177 389 1237 anam,
422 1161 574 1244 dialogico
600 1164 700 1228 terme
728 1165 951 1242 consemptam‚
980 1162 1107 1222 alteram
1130 1161 1276 1220 contiuua
1298 1177 1376 1218 cra-

276 1269 379 1348 tione,
408 1291 502 1352 quae·
516 1275 566 1336 cst
593 1275 710 1354 primae
738 1275 822 1335 illius
848 1275 1036 1344 retractatio.
1079 1269 1240 1332 Indueitur
1261 1272 1293 1329 iu
1317 1271 1375 1332 illa

275 1378 506 1446 mahumetes
534 1385 573 1446 do
604 1387 740 1446 articulis
770 1387 954 1447 christianae
976 1383 1065 1456 fidei,
1089 1401 1165 1459 quos
1189 1401 1263 1442 saue
1287 1383 1374 1443 mma

267 1493 371 1570 'atqua
392 1493 548 1556 auditione
567 1495 714 1576 potuerat
735 1486 886 1574 accipere,
908 1498 1112 1574 interrogans,
1136 1487 1317 1554 Gennadius
1342 1493 1374 1553 ei

253 1594 255 1598 ’
277 1603 480 1681 respondens.
522 1605 614 1667 Hanc
634 1607 733 1686 primo
750 1607 931 1666 Patriarclia
951 1605 1072 1666 ridettir
1091 1605 1187 1664 literis
1207 1605 1376 1684 consigna-

277 1715 367 1776 risse.
410 1695 598 1792 Busirem,
626 1735 720 1795 quum
743 1713 910 1808 imperator
940 1735 1006 1777 eam
1027 1717 1251 1794 professionem
1272 1714 1374 1774 literis

278 1825 417 1886 mandari
439 1827 557 1904 sibique
578 1829 658 1889 tradi
680 1825 791 1902 vellet,
811 1827 1006 1902 retractavit,
1040 1827 1173 1887 elimavit
1189 1829 1227 1886 'et
1248 1825 1375 1884 absolu-

278 1936 388 1996 liorem
402 1935 574 1998 'reddendo
600 1937 683 2000 lianc
714 1937 841 1998 alteram
873 1936 1032 2018 evulgasse
1058 1937 1188 2020 uidetur.
1211 1935 1373 2012 -Utraqus

278 2023 352 2107 rarc
366 2035 434 2108 'hcc
455 2049 550 2109 habet
570 2044 747 2125 communis,
778 2048 861 2126 qucd
892 2057 1029 2110 ueterem
1050 2051 1165 2108 tractat
1185 2048 1374 2126 theologiam

278 2157 350 2218 lc.
384 2155 445 2219 duo
475 2156 529 2220 illa
560 2158 721 2240 dogmata,
751 2158 783 2219 in
814 2179 945 2237 quorum
974 2161 1220 2236 perscrutatione
1250 2161 1374 2218 veteres

278 2267 577 2346 pracclpua'versatl
599 2273 680 2344 sunt,
702 2269 742 2330 tle
764 2271 823 2332 dec
845 2270 975 2350 ejusque
996 2272 1113 2331 natura
1135 2271 1166 2330 at
1188 2271 1228 2330 tle
1248 2269 1376 2330 C'lrrtato

279 2377 410 2457 ejusque
444 2383 624 2442 sublimiore
653 2377 779 2442 natura.
823 2359 934 2442 Cetera
962 2381 1085 2456 quidem
1116 2379 1259 2462 dogmata
1289 2379 1375 2456 quod

281 2473 417 2550 omiserit
438 2495 565 2568 auctor,
588 2492 717 2554 multum
740 2495 847 2552 absum
869 2493 943 2569 quin
969 2491 1148 2567 vituperem.
1194 2493 1268 2567 Quis
1288 2491 1374 2566 ¹enim

280 2593 338 2674 est,
363 2603 414 2678 qui
437 2605 566 2678 nesciat,
587 2601 702 2662 inillis
725 2585 845 2661 duabus
866 2604 942 2661 tunc
964 2587 1111 2679 temporis
1132 2598 1373 2661 Christianorum

156 2713 158 2724 '
280 2713 501 2790 proprietatem
523 2713 722 2816 conspicuam
742 2699 879 2772 habitam
898 2710 1019 2774 luisse?
1061 2711 1153 2772 Nullo
1173 2713 1265 2792 igitur
1280 2714 1375 2789 pacto

282 2821 483 2883 Patriarchae
505 2841 583 2899 opus
605 2821 808 2896 iuit‚'cetera
831 2822 991 2901 dogmata,
1013 2822 1107 2882 veluti
1125 2841 1177 2898 ea,
1203 2823 1241 2882 de
1263 2823 1376 2897 quibus

283 2915 394 2992 Graeci
418 2953 436 2992 a
456 2931 604 2992 Romanis
627 2931 854 3022 dissenserunt,
889 2933 1049 3011 attingere.
1102 2931 1182 2992 Satis
1213 2933 1291 3007 luit,
1323 2933 1379 3016 illa¹

282 3037 344 3100 duc
365 3041 409 3103 ita
430 3041 607 3117 absolvere,
639 3045 675 3101 ut
698 3043 869 3100 Tuscorum
891 3018 1023 3120 principi
1045 3045 1102 3104 etsi
1126 3061 1187 3103 non
1210 3043 1305 3122 plena
1327 3063 1379 3103 as-

285 3150 406 3228 sensio,
434 3155 518 3212 certe
540 3151 640 3212 lenius
659 3151 810 3230 judicium
831 3151 1055 3230 medicatisque
1082 3157 1260 3214 rereremia'
1278 3155 1380 3232 expri-

155 3275 157 3280 ’
283 3245 428 3324 meretur.
473 3263 511 3323 Id
533 3261 615 3338 quod
637 3261 729 3322 talem
752 3260 859 3323 habuit
881 3247 1032 3338 eventum,
1053 3268 1090 3324 ut
1112 3267 1235 3342 saepius
1253 3265 1380 3324 Genua·
1407 3297 1409 3302 ·

285 3358 353 3435 dius
376 3373 416 3434 ad
436 3376 650 3452 imperatorem
673 3377 801 3434 vocatus
824 3393 910 3448 esse,
938 3378 1033 3454 utque
1054 3376 1125 3454 ipso
1145 3373 1379 3435 Muhammedes

285 3478 324 3544 da
345 3502 401 3545 sua
422 3484 571 3566 religione
603 3483 828 3546 addubitaviss'e
858 3465 1023 3546 diceretur.
1066 3487 1112 3549 Ex
1139 3505 1200 3563 quc
1230 3484 1262 3545 id
1293 3488 1380 3546 certa

287 3594 437 3672 allicitur,
469 3615 540 3656 eum
561 3583 767 3656 liberaliorem
799 3613 836 3656 ac
857 3597 1009 3657 mitiorem
1030 3599 1184 3674 rebusque
1214 3597 1321 3656 divinis
1347 3599 1381 3655 et

279 3693 445 3768 'audieudls
462 3710 494 3767 et
507 3705 713 3786 percipiendis
728 3685 877 3782 aptiorem
892 3701 998 3784 luisse,
1014 3724 1105 3784 Qum
1121 3705 1215 3790 vulgo
1232 3707 1381 3770 creditur.

318 3897 322 3902 .
372 3817 499 3896 Spirant
520 3834 593 3877 rerc
615 3815 686 3877 illac
717 3818 946 3894 confessiones,
976 3821 1009 3880 ct
1042 3839 1062 3886 a
1093 3817 1284 3902 liberalitate,
1308 3827 1340 3878 ct
1363 3837 1383 3878 a

286 3925 428 3989 doctrin
448 3929 557 3990 merito
579 3925 825 4014 laudatissimae,
855 3928 1049 3990 Platonicam
1076 3929 1116 3991 ds
1145 3929 1298 4010 dogmatis
1319 3929 1383 3989 illis

200 4029 207 4050 '
286 4038 443 4118 palmas-iis
466 4037 616 4098 sentiendi
646 4039 806 4100 rationem.
850 4039 956 4119 Viguit
986 4041 1068 4100 enim
1103 4040 1280 4102 adhucillo
1303 4041 1385 4132 tem-

287 4137 364 4228 pore
392 4149 532 4210 Platonis
562 4148 717 4224 studium,
755 4149 805 4210 cui
840 4152 949 4240 optimi
977 4151 1090 4230 quique
1121 4145 1189 4211 sese
1220 4149 1382 4210 dederunt.

287 4259 351 4321 Sed
381 4262 563 4336 exstiterunt
588 4260 653 4339 jam
681 4259 859 4323 Aristotelis
889 4263 999 4336 amici,
1029 4263 1081 4338 qui
1112 4279 1185 4324 suaa
1211 4259 1382 4320 Platonicis

287 4374 486 4448 concertare,
515 4389 622 4431 eorum
643 4373 789 4452 magistro
810 4367 1087 4450 palmamerlpsra
1111 4388 1241 4448 eamque
1264 4371 1386 4434 Aristo-
