2896 5180
444 402 773 494 ¹prolegomena·
975 430 977 432 ·
1089 426 1168 476 avrr

71 588 261 650 orientalem
285 589 445 650 ecclesiam
475 589 505 648 ln
535 584 692 665 plerisque
714 584 865 666 dogmatis
898 581 1055 662 antiquam
1077 591 1109 648 et
1131 589 1168 647 li-

70 699 207 760 beralem
230 715 306 776 prae
329 718 363 759 se
392 699 475 758 terre
506 699 659 775 speciem,
691 713 783 772 qnam
802 697 930 754 tantum
954 697 1061 758 absum
1082 691 1167 759 nt”ei

72 811 192 870 arimini
212 813 347 883 vertam,
379 811 416 868 nt
437 811 546 867 canna
567 808 599 866 in
622 825 660 866 ea
681 823 828 865 summam
851 805 918 883 ejus
941 805 1062 868 landem
1083 810 1168 886 posi·
1233 868 1237 876 ,

72 925 132 980 tam
166 939 239 978 esse
269 895 444 980 existimem.
488 917 591 980 Nostri
624 917 717 996 igitur
746 915 898 991 majores,
932 936 1025 993 qnnm
1042 921 1169 983 'vellent

72 1031 236 1091 ecclesiam
265 1029 304 1088 ad
334 1031 468 1107 priscam
497 1028 626 1087 termam
654 1044 818 1102 revocare,
856 1025 1008 1089 debebant
1035 1049 1109 1092 sane
1137 1036 1168 1093 ln

73 1141 137 1203 aliis
161 1159 235 1200 cum
259 1139 387 1200 Graecis
409 1157 537 1216 prorsus
559 1139 752 1211 consentire,
783 1138 814 1196 in
837 1137 904 1196 aliis
937 1139 978 1199 ad
999 1158 1105 1204 eorum
1127 1146 1168 1204 si·
1210 1169 1214 1178 ·

73 1251 279 1310 militudinem
302 1250 461 1324 accedere,
482 1251 514 1308 in
536 1250 646 1326 quibus
668 1249 726 1326 ipsi
749 1248 945 1308 sinceriorem
967 1253 999 1312 et
1018 1255 1193 1330 antiquio·

74 1381 135 1422 rem
160 1364 316 1420 rationem
340 1362 568 1420 conservarent.
611 1360 653 1420 At
678 1361 787 1418 contra
819 1359 870 1419 alii
893 1363 1030 1437 asperius
1048 1349 1171 1441 judica-

75 1477 154 1547 runt,
181 1472 280 1532 multa
302 1473 413 1545 inesse,
437 1488 516 1546 quae
535 1471 746 1530 Romanorum
768 1469 911 1550 dogmata
931 1471 1117 1551 redolerent,
1140 1480 1171 1538 et

76 1585 193 1658 quanto
216 1583 312 1660 magis
335 1583 394 1659 ipsi
417 1600 436 1640 a
459 1581 564 1656 queris
580 1580 713 1640 Romani
735 1582 839 1656 moris,
861 1582 938 1642 ritus
962 1586 993 1644 et
1014 1585 1170 1667 relig-ionis

76 1693 204 1773 vestigio
228 1693 455 1752 abhorruerunt
462 1711 473 1765 3
505 1694 591 1751 tanto
617 1690 733 1767 majore
758 1711 827 1752 cum
848 1691 971 1752 fastidio
993 1693 1073 1755 banc
1096 1715 1171 1758 con·

77 1805 242 1863 sessionem
262 1804 419 1880 persecuti
441 1805 523 1865 sunt.
566 1801 632 1862 Non
656 1803 721 1861 sine
744 1803 789 1862 ira
807 1801 958 1879 judicium
972 1805 1043 1864 tnlit
1062 1807 1170 1868 Thom.
1262 1859 1263 1862 ,
1327 1845 1329 1849 -

78 1915 243 1991 smithius,
274 1915 379 1990 quiin
400 1913 569 1976 Miscellan.
601 1932 632 1990 p.
653 1911 683 1972 9.
716 1912 875 1973 Meletinm
899 1913 1058 1994 Syrigum,
1080 1935 1171 1994 qnam

77 2024 105 2082 in
135 2024 293 2084 elimando
326 2028 358 2086 et
394 2023 583 2101 perficienda
613 2023 806 2084 confessione
837 2023 967 2084 multum
997 2025 1172 2091 elaborasse

79 2138 218 2208 constat,
244 2137 435 2197 Graeculum
468 2136 677 2196 tenebrionem
700 2132 790 2207 dicit,
819 2136 957 2210 partium
979 2139 1094 2200 studiis
1115 2144 1173 2202 ad-

78 2245 284 2306 dictissimum
306 2247 388 2305 etin
412 2244 542 2324 collegio
558 2245 746 2305 Graecorum
768 2244 886 2304 Romae
909 2246 1082 2310 educatum.
1115 2251 1173 2314 Illi-

79 2356 162 2418 rifice
183 2357 301 2416 lectum
325 2360 381 2431 eat,
408 2359 460 2430 nt,
483 2357 658 2433 quicunqne
680 2356 719 2414 de
742 2356 935 2418 confessione
957 2359 1111 2436 tamqnam
1134 2363 1174 2423 ed

80 2468 290 2532 Bomeuornm
313 2469 471 2544 opiniones
493 2466 564 2544 plns
590 2459 873 2542 justo.inclinante
903 2467 982 2530 male
1012 2463 1172 2550 sentirent,
1220 2532 1223 2539 ,

82 2597 200 2672 omnem
223 2579 254 2637 in
277 2577 556 2650 bunc'blelatinm,
591 2595 682 2652 quem
709 2580 741 2635 et
768 2552 960 2637 Foderlinins
983 2578 1006 2638 l.
1026 2578 1047 2640 l.
1070 2600 1101 2658 p.
1125 2557 1174 2644 14,

83 2691 277 2750 manifestum
301 2686 504 2758 :terrestremve
524 2685 614 2758 dixit,
649 2684 771 2761 culpam
794 2687 1014 2763 transferrent,
1036 2690 1068 2750 id
1091 2694 1189 2768 qnod

83 2803 205 2876 praeter
228 2798 390 2857 Smithinrn
412 2795 499 2856 multi
521 2796 729 2856 lecerunt-—
758 2794 825 2856 Non
854 2814 926 2857 vern
959 2800 1031 2858 milri
1055 2801 1098 2861 ita
1126 2804 1174 2862 in-

83 2909 215 2970 dnlsisse
247 2907 368 2968 ridetur
394 2906 554 2966 Romanae
582 2903 758 2980 doctrinae,
791 2923 882 2983 quam
906 2909 995 2986 qnod
1023 2915 1174 2991 pernovit,

83 3039 170 3082 nemo
192 3016 330 3097 prudens
354 3016 478 3076 audebit
499 3015 743 3094 reprehendere,
774 3018 809 3076 ut
836 3018 941 3094 prisca
968 3039 1046 3082 suae
1075 3025 1176 3086 ecele-

83 3134 144 3194 siae
168 3131 314 3211 dogmata
335 3147 392 3206 per
413 3128 473 3186 rim
493 3129 657 3207 abrogaret
678 3126 726 3186 sel
750 3125 939 3192 obscuraret.
984 3131 1090 3209 Neque
1106 3155 1176 3196 oum

84 3246 120 3308 eb
144 3243 338 3318 amalperto
362 3237 520 3300 catholicis
549 3238 713 3313 probatum
735 3237 849 3310 inisse,
881 3239 1013 3301 testatur
1033 3247 1067 3304 et
1088 3245 1175 3324 illud,

84 3354 182 3432 qnod,
216 3357 310 3428 quum
341 3351 373 3408 in
401 3348 480 3407 libro
511 3350 620 3408 contra
641 3345 789 3422 Cy'rillum
812 3347 975 3410 Lucetium
1000 3343 1176 3436 conakipte'
1212 3425 1213 3430 η

85 3469 202 3543 septem
224 3458 435 3522 tantummodo
469 3457 603 3533 synodos
636 3457 787 3537 legitimas
820 3462 852 3518 et
875 3458 1101 3541 obstringentes
1123 3485 1179 3527 vo-

85 3576 194 3637 luisset
215 3592 303 3646 cate,
333 3571 392 3648 ipsi
412 3570 544 3629 Romani
565 3569 805 3646 prohibuerunt,
835 3571 997 3646 quominus
1019 3574 1097 3634 liber
1118 3577 1182 3638 Ver

86 3689 174 3748 netiis
193 3687 277 3762 typis
307 3683 538 3743 exscriberetur.
580 3680 621 3740 Et
653 3680 749 3757 ipsius
783 3681 959 3740 catechismi
980 3681 1055 3744 levia
1085 3685 1178 3750 lectio

88 3797 187 3872 docet,
209 3795 351 3872 Romana
372 3792 529 3872 dogmata,
549 3789 588 3850 de
608 3791 719 3868 quibus
734 3793 948 3854 contentiones
967 3793 1047 3854 inter
1063 3800 1179 3866 utram-

89 3929 147 3986 que
169 3875 332 3968 acclesiam
354 3903 531 3980 saepissima
559 3900 703 3975 luerunt,
739 3919 849 3982 magno
879 3920 949 3963 enm
979 3904 1088 3968 studio
1110 3927 1179 3972 esse

91 4019 284 4100 impugnata,
315 4013 408 4074 veluti
432 4012 471 4073 de
495 4012 551 4095 Sp.¹
571 4029 597 4074 s.
618 4014 833 4088 precessione,
863 4033 954 4090 quern
984 4013 1087 4078 locum
1102 4022 1180 4108 'tam

92 4130 215 4189 tirmiter
237 4123 498 4187 circumvallatum
529 4119 596 4183 esse
627 4127 735 4182 contra
756 4124 964 4185 Romanorum
988 4128 1179 4198 incursiones

93 4239 243 4314 ridemus,
268 4235 392 4322 αἰβοῖ.
416 4253 494 4301 sacr.
517 4219 596 4307 loci,
627 4237 750 4311 patrum
773 4233 897 4310 scripta,
920 4240 990 4298 acta
1013 4242 1180 4317 synodalia,
1273 4229 1274 4233 ¹

95 4349 204 4414 eccles.
231 4348 379 4408 historiae·
406 4345 493 4421 libri,
525 4343 664 4404 codicum
693 4363 845 4404 manuscr.
869 4344 965 4421 fides,
997 4350 1075 4413 dnae
1104 4355 1181 4416 istae
