2896 5180
268 497 343 548 xxm
659 473 978 566 l'rolc'gemena.

270 659 401 732 malunt,
424 657 580 718 orientalis
603 657 734 718 ecclesia
757 661 818 718 otto
837 659 1002 718 hebescere
1021 660 1053 716 et
1070 655 1270 737 languescere
1289 677 1366 716 coe-

270 773 369 848 perat,
392 787 485 846 quum
510 767 706 846 expluribus
728 768 859 830 saeculis
882 771 913 830 et
936 768 1037 828 cultus
1063 770 1093 827 et
1115 767 1255 827 doctriua
1276 767 1366 845 apud

271 878 487 942 Occidentales
509 878 605 946 multa
635 880 760 941 fecisset
787 881 983 940 Incrementa.
1029 875 1133 954 Neque
1165 877 1307 938 celeriter
1330 880 1365 937 in

272 995 387 1052 tantam
408 991 564 1054 bominum
587 991 778 1054 orientalium
801 990 973 1051 barbariem
996 992 1027 1048 et
1047 987 1239 1064 tyrannidem
1261 989 1367 1049 reior-

273 1105 372 1162 matae
394 1086 543 1162 ecclesiae
575 1100 628 1162 lux
648 1102 803 1183 refulgere
836 1101 953 1183 potuit,
986 1115 1079 1182 quum
1108 1097 1174 1159 iere
1203 1098 1365 1159 saeculum

273 1213 435 1273 decursum
464 1211 574 1288 luerit,
605 1213 775 1292 usquedum
806 1229 901 1272 novae
930 1208 1087 1268 doctrinae
1116 1207 1245 1286 ejusque
1268 1227 1365 1269 eran-

272 1305 391 1403 gelicae
411 1322 538 1402 vestigia
571 1323 651 1382 inter
673 1322 810 1383 Graecos
844 1320 1154 1400 deprehenderentur.
1197 1319 1267 1378 Fuit
1288 1337 1366 1380 vero

271 1432 417 1510 cyrillus,
439 1433 489 1492 cui
510 1409 680 1514 cognomen
701 1433 827 1493 Luceria
840 1425 874 1513 ²)
895 1433 953 1507 est,
976 1430 1070 1490 alacri
1092 1429 1190 1489 animo
1213 1431 1267 1505 vir,
1290 1449 1367 1492 cru-

272 1542 389 1603 ditiene
411 1545 613 1620 conspicuus,
642 1549 673 1606 et
694 1545 807 1606 sanctis
831 1540 923 1625 plane
948 1545 1040 1618 atque
1061 1541 1246 1618 incorruptis
1269 1543 1368 1601 mori-

273 1653 343 1730 bus,
366 1654 418 1732 qui
440 1655 521 1714 omni
542 1655 644 1715 studio
666 1655 698 1714 id
720 1655 902 1728 elaboraret,
925 1655 961 1712 ut
982 1670 1107 1711 suorum
1122 1649 1278 1711 hominum
1296 1657 1367 1712 ter-

273 1765 379 1842 pentia
399 1764 521 1844 ingenia
543 1767 704 1842 excitaret,
729 1768 760 1825 et
780 1782 859 1842 quae
882 1761 965 1840 apud
984 1761 1174 1836 Orientales,
1201 1761 1277 1842 jugo
1300 1763 1365 1824 Pa-

273 1893 332 1952 pae
355 1892 493 1950 excusso,
515 1877 582 1954 ipse
604 1877 761 1952 didicerat,
783 1876 865 1935 iuter
886 1871 1023 1934 Graecos
1046 1871 1202 1951 divulgare
1224 1873 1366 1936 auderet.

273 1984 321 2046 lle
344 1986 433 2066 cujus
454 1988 516 2046 rita
535 2005 572 2047 ac
593 1987 729 2047 moribus
751 2003 850 2063 pauca
871 1984 1037 2062 decerpere
1060 1983 1091 2041 ln
1112 1983 1212 2044 animo
1237 1988 1302 2061 est,
1325 2005 1367 2047 ne

275 2098 343 2175 ejus
364 2096 472 2159 laudes
496 2117 514 2158 a
536 2097 694 2158 catholicis
716 2098 827 2156 misere
847 2094 1040 2167 imminutae,
1064 2111 1082 2152 a
1102 2091 1275 2154 reformatis
1298 2115 1366 2156 ma-

275 2209 352 2268 xime
382 2207 533 2289 theologis
563 2209 652 2269 nimis
687 2205 920 2268 coucelebratae
956 2203 1070 2288 injuste
1098 2203 1224 2265 lateant.
1267 2205 1367 2267 lt'atus

276 2321 323 2376 est
344 2317 476 2394 Cyrillus
498 2321 530 2379 in
552 2319 670 2380 insulae
691 2319 803 2378 Cretae
823 2316 900 2376 urbe
922 2315 1070 2377 Candore
1088 2311 1139 2392 ²),
1168 2319 1203 2374 ut
1225 2317 1368 2378 dixerunt

275 2429 403 2504 Arabes,
416 2461 457 2473 -
480 2430 601 2491 Gaudia
616 2429 707 2511 vulgo
722 2432 860 2502 vocatur,
872 2426 955 2486 unde
969 2427 1035 2485 teta
1049 2425 1149 2485 insula
1171 2445 1280 2486 nomeu
1300 2431 1367 2490 tra-

275 2540 327 2614 xit,
339 2535 388 2586 -'
404 2558 483 2600 anno
498 2542 602 2601 nescio
619 2559 689 2617 quo,
706 2541 848 2599 auctores
865 2537 944 2597 enim
961 2534 1062 2596 nullos
1079 2537 1158 2612 novi,
1182 2537 1232 2613 qui
1250 2537 1287 2597 de
1303 2539 1365 2598 hac

274 2668 309 2708 re
331 2650 527 2727 disputarunt
541 2650 583 2728 ³).
625 2651 695 2711 Fuit
728 2667 800 2711 rere
829 2647 883 2708 illa
912 2647 1013 2710 insula
1040 2650 1116 2708 tunc
1137 2649 1281 2724 temporis
1303 2649 1363 2709 Ve-

276 2761 416 2822 netorum
438 2762 567 2839 imperio
589 2761 739 2840 subjecta,
762 2761 952 2837 quapropter
975 2760 1006 2818 et
1021 2757 1060 2818 ob
1077 2757 1250 2818 scholarum
1269 2756 1368 2819 Grae-

276 2889 380 2929 corum
403 2871 604 2929 miserrimum
628 2872 758 2944 statum,
787 2871 839 2943 qui
855 2869 1021 2928 ¹erectioris
1043 2869 1133 2928 animi
1157 2872 1260 2930 essent
1278 2869 1367 2946 juve·

276 2998 349 3055 nes,
380 2981 412 3037 in
432 2978 552 3038 ltaliam
574 2975 745 3036 studiorum
775 2995 884 3037 caussa
913 2996 981 3038 sese
1004 2979 1189 3039 conferrent.
1234 2980 1298 3040 Sed
1321 2982 1368 3040 in-

276 3091 353 3171 signi
376 3089 436 3148 illis
459 3087 567 3148 incolis
591 3087 741 3148 beneficio
764 3088 891 3162 cecidit,
913 3092 967 3162 ut,
990 3092 1132 3165 quoniam
1154 3091 1262 3150 Veneti
1285 3091 1368 3150 Tur-

278 3201 322 3260 ris
352 3201 487 3260 mitiores
518 3201 549 3260 et
576 3196 766 3260 liberaliores
794 3200 939 3274 luerunt,
975 3204 1046 3276 post
1077 3201 1369 3278 Constantinopolin

277 3315 480 3394 expugnatam
502 3309 624 3387 plurimi
645 3310 699 3369 viri
722 3309 832 3374 eruditi
851 3310 882 3368 in
898 3308 1053 3385 Gaudium,
1068 3311 1268 3372 Patriarchae
1283 3311 1368 3372 Con-

276 3419 540 3498 stantinopolitaui
558 3419 819 3498 jurisdictionem,
841 3420 1004 3496 abiissent,
1037 3422 1089 3499 qui
1115 3421 1246 3500 juvenes
1267 3423 1368 3483 literis

276 3532 456 3592 imbuerent.
499 3529 547 3592 Ita
569 3531 629 3590 luit
650 3530 742 3601 Creta
764 3530 952 3592 Graecarum
981 3533 1139 3594 literarum
1163 3535 1368 3612 quasisedes

277 3685 485 3702 m

346 3771 377 3842 1)
394 3769 445 3826 Eat
465 3773 548 3842 patria
571 3788 678 3827 nomen.
714 3771 844 3832 Scribltur
868 3774 937 3828 enlm
961 3775 988 3828 ln
1012 3773 1126 3830 decreto
1147 3772 1249 3846 opnodt
1273 3773 1368 3831 emar.
1441 3767 1442 3772 ’

277 3856 350 3925 quod
377 3855 445 3914 infre
467 3857 577 3927 legitur,
594 3876 622 3929 p·
638 3862 699 3918 898.
714 3862 775 3916 ⁴107.
792 3855 931 3927 Kaiprltos
951 3856 1130 3932 Aoeadpemc,
1156 3861 1190 3916 ad
1212 3878 1291 3942 quam
1315 3860 1370 3915 lor-

276 3957 346 3996 mam
363 3941 475 4012 pertinet
493 3944 571 3997 etiam
588 3943 692 3998 dativus
710 3941 848 4014 domanicae
860 3942 909 3997 'vel
925 3941 1069 4014 Λούκαρι,
1092 3945 1137 4015 qui
1154 3963 1181 4018 p.
1196 3949 1248 4002 400
1265 3955 1316 4000 est.

343 4053 373 4120 2)
390 4051 520 4108 Scribltur
541 4055 617 4112 etlam
639 4051 810 4117 anancaeo,
827 4069 905 4123 quam
921 4052 985 4108 Nic.
1006 4053 1163 4112 comnenus
1178 4053 1370 4128 Papadopelt

276 4137 338 4192 bist
359 4153 479 4210 gymnas.
498 4137 596 4198 Patav.
625 4139 701 4194 'lom
717 4138 749 4194 ll.
771 4145 844 4202 180..
863 4138 907 4194 ubi
927 4137 960 4192 de
984 4137 1101 4210 Georgia
1119 4139 1278 4211 Trapezunt.
1303 4141 1368 4210 agit,

275 4223 379 4280 insulae
397 4231 478 4296 caput
496 4224 578 4282 lubae
596 4224 666 4280 dicit.

343 4339 373 4406 3)
393 4335 482 4396 Quum
503 4349 569 4392 vero
591 4336 652 4408 pluo
673 4335 839 4406 septuaginta
862 4349 946 4388 annos
969 4334 1077 4402 viserit,
1098 4344 1160 4390 aute
1181 4297 1278 4392 aarum
1302 4337 1372 4392 1568

274 4425 300 4480 in
322 4425 406 4480 lucem
424 4421 508 4480 editus
526 4419 560 4474 rit
579 4428 694 4490 oportet.
