2916 5172
299 497 325 561 4
568 493 775 563 Gennadii
808 490 1039 562 Confessio
1092 495 1116 561 i.

232 668 238 690 ⁸
298 673 403 738 Deum
426 671 529 736 nulius
551 694 696 761 unquam.
711 672 798 738 vidit.
841 673 885 739 Et
911 673 984 761 quia
1004 675 1109 738 Deum
1132 695 1196 739 non
1219 670 1385 752 videmuS,

297 803 358 849 nec
378 804 582 870 cognoscere
602 803 795 869 possumus,
825 785 928 871 qualis
957 793 1025 866 est,
1053 783 1127 870 qnia
1154 792 1263 848 tamen
1283 783 1383 846 Dens

296 900 349 957 est
377 891 501 974 iumen,
529 893 708 980 reperimus
737 901 842 958 autem
870 894 977 959 lumen
1005 892 1156 957 sensibile
1177 892 1276 974 solis,
1305 899 1382 955 tan-

295 1023 390 1088 quam
419 1001 592 1090 imaginem
620 1001 784 1068 invisibiiis
804 1004 876 1069 Dei.
921 1004 957 1069 Si
987 1011 1093 1068 antem
1115 1003 1264 1079 dicimus,
1293 1023 1380 1088 quo-

294 1111 380 1176 niam
401 1110 452 1176 sol
473 1111 606 1176 risibilis
629 1121 661 1176 et
683 1133 766 1196 unus
786 1121 847 1194 est,
861 1121 906 1202 pt
919 1113 987 1178 'tria
1008 1112 1039 1178 in
1062 1133 1099 1178 se
1121 1111 1217 1178 habet
1238 1109 1381 1174 ethaeo

293 1220 355 1286 tria
375 1229 450 1286 sunt
470 1220 711 1308 inseparabilia,
740 1222 791 1287 sol
803 1300 805 1302 v
819 1223 927 1310 itaque
956 1232 1007 1287 est
1027 1223 1137 1310 imago
1164 1218 1380 1305 intelligibilis

292 1329 374 1395 solis
396 1329 545 1423 videlicet
564 1331 636 1412 Dei,
665 1353 747 1406 cnm,
761 1339 836 1396 sunt
864 1332 895 1396 in
924 1332 995 1397 sole
1021 1351 1086 1396 uno
1118 1330 1180 1396 tria
1212 1329 1378 1409 distincta,

293 1446 327 1504 et
348 1461 421 1505 cum
442 1440 485 1505 ita
507 1440 559 1522 sit,
580 1441 624 1505 ita
644 1439 846 1507 'sentiendum
875 1450 926 1506 est
953 1449 986 1506 et
1006 1440 1212 1507 credendum.
1256 1439 1295 1503 Si
1317 1459 1376 1502 au-

291 1555 358 1613 tem
387 1549 567 1634 exemplum
596 1549 659 1613 hoc
686 1549 743 1614 tibi
772 1572 971 1638 nequaquam
1000 1551 1157 1616 satisfacit
1185 1549 1227 1615 ad
1256 1547 1375 1634 cogni-

291 1655 413 1721 tionem
441 1657 539 1722 trinm
566 1679 778 1744 personarum
807 1659 952 1745 deitatis,
982 1659 1199 1727 animadverte
1222 1668 1256 1724 et
1277 1658 1375 1723 aliam

290 1765 465 1854 imaginem
484 1765 558 1834 uei.
600 1766 662 1832 Est
683 1777 789 1833 autem
811 1771 915 1836 anima
941 1771 1099 1850 hominis;
1128 1768 1257 1858 quando
1286 1767 1373 1833 enim

290 1876 382 1942 Deus
412 1875 573 1941 hominem
602 1898 714 1942 creare
743 1879 858 1964 voluit,
886 1879 980 1946 dixit:
1007 1881 1180 1947 Faciamus
1207 1875 1372 1943 hominem
1451 1863 1457 1884 ’

291 1984 333 2050 ud
362 1984 535 2073 imaginem
563 1995 597 2051 et
622 1986 859 2054 similitudinem
893 2001 1047 2058 nostram.
1067 1992 1100 2077 3)
1150 1991 1240 2055 Ecce
1269 1985 1371 2074 igitur

291 2100 325 2158 et
351 2092 449 2160 homo
479 2095 550 2181 ipse
579 2095 687 2185 imago
718 2099 781 2163 uei
810 2109 876 2164 est:
912 2100 1061 2167 videlicet
1088 2101 1193 2166 anima
1220 2095 1371 2162 hominis.

229 2291 231 2298 y
289 2203 353 2269 Est
373 2204 458 2270 enirn
480 2206 584 2270 anima
606 2206 744 2272 hominis
766 2231 829 2275 una
850 2210 989 2298 quidem,
1010 2219 1043 2277 et
1061 2211 1157 2276 trium
1180 2205 1274 2296 quasi
1294 2228 1371 2294 per-

289 2332 453 2395 sonarum,
474 2325 542 2380 tres
565 2315 649 2382 enim
671 2321 843 2403 potentiaS,
865 2322 957 2407 quasi
983 2330 1052 2386 tres
1084 2307 1244 2408 personas
1271 2317 1370 2382 habet

288 2423 404 2507 anima,
426 2432 459 2490 et
481 2426 656 2513 quomodo,
678 2428 904 2497 animadverte.
947 2433 1010 2498 Est
1035 2439 1142 2496 autem
1170 2429 1277 2494 anima
1303 2449 1370 2492 nna

287 2553 439 2618 persona,
461 2536 565 2601 anima
587 2558 663 2601 vero
685 2538 836 2625 producit
856 2563 1055 2625 sermonem,
1084 2548 1117 2605 et
1138 2561 1216 2604 ecce
1245 2559 1369 2616 sermo,

287 2643 349 2730 alia
370 2666 521 2731 persona,
542 2645 646 2712 anima
667 2647 818 2734 producit
831 2652 1050 2738 spirationem,
1073 2658 1106 2715 et
1120 2670 1198 2714 eece
1216 2646 1367 2736 spiratio,

286 2751 348 2838 alia
368 2776 528 2842 persona3
551 2765 626 2821 sunt
645 2778 726 2846 ergo
749 2761 842 2846 quasi
864 2769 1025 2848 personae
1046 2772 1133 2826 tres:
1156 2758 1272 2840 anima,
1293 2777 1366 2822 ser-

285 2883 358 2943 mo,
388 2865 531 2951 spiratio.
584 2867 719 2931 Animae
746 2879 821 2934 sunt
847 2893 1009 2957 personae
1046 2880 1079 2936 et
1111 2893 1176 2935 non
1203 2867 1367 2954 corporis,

286 2971 436 3056 quoniam
457 2974 588 3038 evolans
610 2975 714 3039 anima
735 2979 774 3042 ab
795 3002 953 3067 corpore,
975 3003 1035 3046 nec
1057 3002 1184 3059 sermo,
1213 3000 1274 3043 nec
1296 2977 1365 3064 spi-

284 3079 368 3144 ratio
387 3091 532 3146 remanet
546 3083 578 3146 in
593 3104 743 3169 corpore,
765 3087 823 3152 sed
834 3088 1057 3178 jacetcorpus
1073 3091 1194 3178 absque
1209 3109 1364 3153 sermone

284 3196 318 3251 et
339 3188 525 3275 spiratione,
540 3214 648 3258 sermo
666 3216 742 3258 vero
759 3204 791 3260 et
812 3199 947 3284 spiratio
970 3210 1044 3266 sunt
1058 3202 1227 3276 in‘anima3
1248 3207 1282 3264 et
1297 3197 1363 3262 hoc
1449 3282 1456 3292 ι

284 3294 413 3383 quidem
434 3309 541 3386 patet,
562 3303 636 3390 quia
656 3325 765 3368 sermo
798 3316 831 3372 et
852 3310 986 3396 spiratio
1008 3313 1048 3376 ab
1070 3311 1174 3376 anima
1195 3317 1271 3374 sunt
1285 3329 1379 3396 pen·

283 3429 404 3473 sonae=
417 3419 450 3474 et
457 3413 642 3500 coceigitur
656 3413 765 3479 anima
774 3426 828 3481 est
844 3440 995 3506 persona,
1005 3421 1137 3510 spiratio
1153 3421 1223 3487 alia.
1242 3420 1360 3486 Anima

282 3526 334 3584 est
355 3518 438 3585 trina
452 3497 546 3608 quasi
559 3523 592 3588 in
609 3526 771 3611 personis,
792 3527 868 3594 licet
888 3533 993 3597 anima
1007 3533 1050 3598 sit
1065 3555 1129 3598 una
1150 3540 1184 3596 et
1199 3553 1263 3595 non
1277 3539 1358 3596 tres.

281 3628 319 3694 Si
341 3636 450 3695 autem
470 3629 689 3719 interrogatus
709 3633 920 3726 fueris,quot
935 3664 1094 3730 personae
1109 3637 1203 3707 nnius
1221 3639 1359 3723 animae,

274 3737 483 3825 respondere
504 3741 650 3806 convenit
670 3751 755 3824 tres3
783 3751 932 3834 quoniam
961 3755 1081 3836 anima,
1102 3771 1211 3817 sermo
1233 3758 1267 3815 et
1290 3750 1358 3838 spi-

277 3847 362 3912 ratio
385 3860 437 3914 est
457 3851 659 3930 omonimo,
682 3861 715 3917 et
735 3864 802 3920 tres
824 3881 994 3945 personae.
1036 3863 1077 3927 Et
1098 3861 1202 3927 anima
1224 3858 1356 3947 quidem

275 3965 330 4022 est
350 3958 391 4024 ad
412 3958 545 4026 modum
565 3961 677 4046 patris,
698 3963 806 4030 sermo
829 3959 905 4034 vero
927 3972 1052 4037 animae
1081 3970 1122 4036 ad
1144 3968 1276 4034 modum
1298 3970 1356 4036 iiiii

276 4073 310 4130 et
332 4069 420 4135 verbi
441 4067 511 4152 Dei,
528 4069 666 4156 spiratio
687 4094 765 4137 vero
789 4077 915 4145 animae
936 4091 988 4146 cst
1010 4079 1195 4146 admodum
1219 4079 1354 4167 spiritus

274 4176 387 4244 sanati.
431 4178 710 4259 Quemadmodum
731 4184 815 4251 enirn
836 4189 940 4258 anima
962 4198 1013 4257 est
1033 4189 1185 4278 ingenita,
1206 4188 1250 4255 ita
1260 4190 1354 4256 Deus

307 4396 337 4465 8)
355 4394 452 4453 Genea.
471 4397 491 4452 Ι.
509 4403 551 4457 26.
