2916 5172
489 395 826 496 „Rrulogomeua-
942 473 944 478 ,
1096 421 1212 471 urnam

93 587 167 668 bet
190 582 356 666 crmtaad
377 581 498 650 bouum,
515 580 703 642 contendere
734 575 901 656 docuerat,
927 581 1053 663 tdrfflr
1075 603 1105 661 p.
1135 582 1208 658 349,

94 699 138 756 iu
173 715 239 771 qua.
268 695 340 758 Deo¹
367 694 520 758 eucharia
549 694 649 751 inesse
678 689 823 770 negarat,
851 696 993 768 quartam
1016 693 1053 772 *pu
1086 693 1158 756 35⁰.
1177 700 1209 754 et

104 805 253 880 quintam
275 823 309 882 p.
331 801 414 878 352,
439 803 470 862 in
494 821 554 878 qua
585 804 615 860 in
647 795 753 878 quouis
782 804 904 863 humine
934 823 995 866 nou
1024 795 1098 864 nihil
1127 807 1208 881 boni,

102 916 167 982 sad
201 915 296 977 tidem
334 916 398 989 sinc
435 914 579 990 operibus
617 902 731 974 nullius
768 913 912 974 momenti
946 924 1014 976 usse
1046 913 1206 980 statuerat.

101 1029 265 1102 Quartum
298 1028 328 1084 et
358 1025 499 1101 quintum
525 1023 733 1088 Confessiouis
765 1025 911 1086 articulos
942 1031 1046 1102 patres
1076 1028 1209 1086 intactos

95 1111 316 1214 reliquerunt,
340 1154 395 1200 seu¹
418 1135 500 1210 quod
522 1137 691 1211 probarunt
713 1144 768 1194 seu
790 1137 861 1210 quia
885 1157 920 1196 ex
942 1137 1131 1196 orationibus
1149 1136 1209 1212 Cy-

102 1248 171 1311 rilli
205 1247 283 1318 nihil
312 1246 504 1316 babuerunt,
537 1247 619 1326 quod
649 1247 708 1304 illis
739 1250 869 1322 possent
898 1257 1070 1324 oppenere,
1108 1243 1211 1323 Caput

95 1377 185 1443 serp
208 1360 361 1428 ,octavum
393 1359 424 1414 et
454 1359 569 1415 sextum
599 1361 671 1434 apte
703 1357 888 1434 copularunt
916 1377 946 1434 p.
973 1355 1045 1416 353.
1089 1357 1125 1416 ln
1157 1358 1210 1417 illo

103 1439 196 1531 enisu
225 1461 274 1548 (ps
299 1451 530 1546 29«)⁴Cyrillus
563 1469 747 1529 Sauctorum
779 1469 1028 1528 intercessionem
1063 1467 1209 1544 despexit,

104 1581 139 1638 in
162 1549 226 1649 lube
248 1577 368 1646 bullum
388 1560 541 1639 hominum
564 1581 709 1638 exsistere
734 1567 823 1653 dixit,
848 1581 921 1656 quin
947 1580 1066 1638 fructus
1089 1579 1229 1668 peccati

104 1654 271 1775 oriduulis
300 1689 435 1766 auhtiat3
467 1700 501 1751 ax
532 1709 592 1764 quo
626 1691 700 1748 satis
732 1691 911 1762 constabat,
943 1685 1093 1778 neminem
1117 1705 1210 1765 posse

105 1799 348 1875 adalluctitatis
378 1799 500 1859 laudem
523 1802 692 1876 pervenire.
737 1802 807 1860 Jam
836 1801 1001 1876 proferunt
1030 1801 1210 1872 orationem,
1338 1809 1339 1814 ’

107 1913 140 1972 in
172 1927 240 1988 qua
259 1919 412 1992 ‚maguam
433 1901 549 1970 Mariae
570 1914 754 1987 potestatem
778 1916 808 1971 et
830 1911 878 1971 vel
903 1911 985 1988 apud
1007 1911 1115 1968 Filium
1140 1927 1211 1989 gra-

104 2023 186 2082 tiam
202 2006 341 2099 Cyrillus
356 2021 517 2102 magnifice
540 2023 774 2096 concelebravit,
798 2023 929 2080 Sanotos
952 2013 1118 2097 appellavit
1138 2038 1211 2096 per-

105 2133 213 2192 lectus
243 2119 369 2211 (atu),
398 2123 544 2211 uirginem
576 2133 703 2192 Mariam
734 2131 818 2192 nulla
839 2133 959 2210 peccati
989 2131 1079 2190 sorde
1109 2131 1209 2208 pollu-
1316 2166 1319 2176 ·

104 2247 173 2304 lam
189 2230 493 2322 inissepruedicarit
517 2233 632 2320 (355⁸),
656 2239 846 2320 quapropter
868 2246 899 2302 et
920 2245 951 2302 iu
974 2241 1123 2302 caelestes
1148 2244 1210 2318 spi-

105 2355 192 2417 ritus
208 2344 443 2432 ualeat(357.),
465 2343 663 2430 hominesque
686 2353 849 2432 precantes
874 2351 1006 2430 adjuvet.
1050 2350 1130 2412 Huic
1154 2354 1210 2412 ho-

104 2467 229 2527 miuum
255 2465 375 2541 piorum
400 2435 579 2524 auxiliatrici
596 2469 627 2524 et
643 2469 794 2542 patronae
819 2464 956 2540 adjunxit
973 2461 1104 2539 Cyrillus
1124 2463 1209 2539 alios,

104 2575 265 2634 loannem
297 2556 490 2654 Theologuin
515 2577 664 2634 Suuctum
696 2587 714 2636 a
744 2565 865 2633 Christo
888 2577 920 2634 iu
943 2576 1047 2634 coelos
1078 2575 1210 2634 translar

107 2689 187 2746 tunl-
212 2681 328 2764 (358),
363 2687 505 2766 angelos,
537 2694 594 2762 per
626 2681 703 2760 quos
738 2697 886 2744 accessus
914 2688 1021 2760 pateat
1050 2684 1088 2746 ad
1117 2669 1210 2746 *deum

107 2795 218 2872 (³59).
263 2772 423 2858 Decimam
454 2796 564 2856 deinde
581 2794 757 2892 ⁸articulum
787 2797 967 2874 impugnant
995 2800 1117 2874 patres,
1148 2815 1209 2872 quo

109 2897 249 2982 cyrillus
277 2907 388 2966 ecclesa
420 2907 514 2984 caput
543 2907 639 2965 voluit
669 2918 737 2972 esse
766 2907 921 2966 Christum
939 2902 990 2987 (p.
1014 2904 1081 2982 30).
1124 2908 1209 2967 Affe

106 3015 379 3093 reseraremus
403 3015 481 3092 359)
504 2999 646 3078 creseus
669 3019 811 3094 validum,
835 3022 880 3094 ut,
902 3037 1048 3096 praeesse
1071 3019 1209 3078 ecclesiis

111 3119 357 3205 episcoposque
374 3128 561 3202 sacerdotes
585 3122 695 3188 dixisse
718 3127 865 3202 Cyrillum
888 3133 1101 3208 coarguerent.
1140 3131 1210 3188 Hoc

112 3240 196 3300 euim
228 3240 259 3296 et
288 3233 350 3297 illic
380 3249 442 3298 uon
472 3244 599 3318 negarat
626 3234 765 3300 Luceria
809 3231 1011 3316 Prosperiore
1041 3259 1111 3300 eum
1139 3258 1211 3300 suc-

112 3359 207 3410 cessu
230 3349 269 3408 ad
293 3359 320 3408 a.
341 3339 422 3408 xlv,
446 3344 493 3429 (pr
517 3343 573 3428 33)
605 3349 802 3410 evertendum
831 3367 898 3409 sese
927 3352 1109 3430 accingunt,
1132 3351 1209 3410 locis

113 3479 151 3523 ex
179 3449 291 3534 (lyrilli
315 3447 446 3518 humiliis
479 3453 645 3537 depromtis
668 3458 722 3536 (p.·
738 3452 833 3538 aba),
857 3461 967 3536 quibus
991 3460 1130 3520 omnibus
1152 3460 1209 3520 ho.-

112 3561 246 3630 miuibus
275 3570 405 3630 liberum
435 3587 502 3633 esse
523 3564 697 3644 arbitrium,
728 3562 786 3648 ipsi
809 3571 841 3628 in
863 3589 967 3630 rerum
1000 3572 1139 3630 oratione
1163 3569 1210 3630 iu·

111 3681 227 3754 iusum,
251 3673 408 3754 docuerat,
432 3677 644 3756 hominemque
674 3682 774 3757 ipsum
797 3692 853 3740 sua
874 3685 985 3758 spoute
1009 3676 1122 3759 eligere
1145 3698 1210 3742 ma

112 3787 181 3848 lum
205 3786 254 3868 (p.
278 3785 367 3866 364)
410 3783 539 3850 Nimium
568 3803 660 3868 quum
684 3787 817 3873 Cyrillus
838 3786 982 3852 tribuisse
1004 3787 1159 3852 videretur
1181 3813 1208 3854 c.

113 3893 196 3962 XVI.
219 3895 267 3980 (pe
292 3898 359 3980 35.)
381 3899 550 3978 baptismo,
581 3905 689 3978 utpote
719 3894 778 3978 hoc
801 3893 867 3962 solo
891 3915 960 3962 cum
983 3897 1103 3962 Christo
1126 3921 1211 3964 com-

114 4013 291 4072 munionem
320 4025 411 4088 passe
433 4011 588 4089 impetruri
612 4014 775 4092 opinatus3
796 4014 983 4090 proponunt
996 4015 1100 4090 patres
1123 4014 1210 4076 locos

115 4123 163 4200 (p.
186 4119 287 4202 367),
310 4125 419 4198 quibus
441 4123 565 4200 praeter
586 4116 770 4200 baptismum
792 4125 873 4184 bona
890 4141 985 4200 opera
1006 4125 1121 4201 requiri
1142 4128 1209 4204 ipse

114 4232 249 4310 cyrillus
271 4235 393 4310 publice
416 4229 454 4294 de
478 4237 628 4313 baptismo
651 4235 744 4294 verba
765 4234 882 4293 iaciens
913 4237 1131 4314 contenderat,
1155 4239 1210 4298 ad-

115 4343 225 4404 dentes
254 4345 380 4422 insuper
408 4344 484 4408 alios
517 4365 578 4406 nou
610 4343 647 4404 ad
677 4363 741 4404 rem
771 4339 973 4420 necessarios,
996 4348 1050 4408 sed
1074 4348 1114 4408 ad
1135 4368 1210 4428 cop
