2896 5180
501 435 821 530 Protegemeua.
1143 461 1206 514 xxi

98 625 159 686 dis
184 639 375 700 responsum,
394 638 510 700 graece
533 623 565 682 et
585 620 680 689 latina
701 621 852 684 redditum
876 619 1007 700 p.11⁰.,
1031 641 1125 702 qnare
1148 573 1201 698 gt-

97 737 192 810 seio,
230 732 385 810 quomodo
413 731 600 798 Heineccius
633 732 691 792 tl.
711 733 738 794 Ι.
768 753 800 811 p.
820 733 892 794 232.
922 732 1024 795 dicere
1053 737 1199 812 potuerit,

94 849 165 907 hoe
189 863 371 922 responsum
393 841 528 902 nondum
559 861 629 912 esse¹
659 840 955 926 explicatum1).-—
986 844 1133 924 Repetite
1151 851 1200 911 est

76 958 259 1034 -posterior
287 955 364 1014 haec
400 954 553 1026 consessio
589 954 628 1014 in*
650 956 786 1021 Doridis
813 954 962 1036 Chytraei
988 958 1130 1020 oratione
1158 956 1198 1016 de

92 1075 193 1128 statu
214 1067 418 1128 ecclesiarum
438 1063 498 1124 lroe
520 1069 658 1138 tempore
676 1067 709 1126 ia
731 1066 870 1134 Graecia
891 1067 961 1142 etc,
983 1065 1095 1144 quibus
1116 1065 1197 1145 confi

88 1179 181 1256 fidei
212 1195 233 1236 α
255 1161 421 1237 (sennodio
446 1173 639 1242 Patriareta
666 1175 870 1239 Mohommeti
889 1175 938 1241 ΙΙ.
968 1177 1114 1253 οπΙιιζόἰτοιι
1139 1180 1196 1238 etc.

93 1297 131 1348 et
154 1289 223 1347 alia
243 1290 448 1346 accesserunt
468 1271 611 1348 Francos.
624 1284 716 1350 1583.
738 1303 769 1364 p.
783 1283 853 1356 173.
895 1284 963 1358 Non
985 1305 1058 1353 vero,
1080 1289 1105 1347 is
1127 1304 1197 1350 cum

93 1399 274 1458 lectoribus
296 1394 547 1469 communicavit,
576 1395 659 1456 unde
682 1397 837 1477 acceperit
857 1395 1030 1482 exemplari
1052 1396 1195 1468 habuisse

93 1528 173 1568 eum
194 1506 292 1568 multa
314 1523 383 1566 cnm
406 1505 504 1564 doctis
528 1504 655 1568 Graecis
676 1506 726 1568 vel
748 1507 814 1570 aliis
837 1508 869 1568 in
891 1501 983 1568 terris
1004 1525 1196 1572 commoran-

94 1621 183 1678 tibus
206 1617 406 1692 commercia,
428 1614 602 1691 calibono,
626 1617 675 1676 cui
696 1635 759 1678 non
780 1636 898 1696 paucae
921 1636 1027 1680 eorum
1046 1617 1195 1698 epistolae

98 1729 282 1806 interjectae
305 1730 397 1799 sunt,
427 1723 511 1786 clare
532 1726 643 1786 elucet.
685 1727 817 1790 Fecerat
846 1730 954 1805 etiam,
976 1731 1011 1788 ut
1032 1728 1099 1806 ipse¹
1120 1727 1195 1790 dicit

98 1862 135 1918 p.
161 1839 207 1915 8.,
237 1837 432 1915 imperatoris
462 1837 656 1897 Maximiliani
685 1840 868 1901 auctoritate
905 1843 938 1902 et
968 1839 1130 1900 vocatione
1159 1857 1195 1898 ex

99 1951 245 2012 Academ.
268 1948 485 2010 Rostochieusi
508 1948 623 2020 excitus
646 1949 743 2012 multa
765 1969 805 2010 ac
824 1969 936 2030 magna
957 1951 1076 2028 itinera,
1098 1948 1194 2010 atde

97 2065 185 2122 statu
207 2059 408 2122 ecelesiarum
429 2058 628 2120 Orientalium
650 2061 842 2138 potissimum
871 2062 1090 2123 sciscitaretur.
1135 2059 1194 2120 La-

96 2173 165 2232 tina
187 2171 319 2247 denique
340 2170 422 2230 illius
444 2170 655 2246 interpretatio
678 2158 726 2230 e’st
746 2173 779 2244 in
796 2172 943 2232 Biblioth.
965 2189 1057 2248 quam
1078 2189 1194 2232 merno-

95 2281 232 2342 ravimus
255 2301 287 2358 ρ.
304 2279 377 2341 558.
400 2299 436 2340 ex
459 2277 559 2340 Crusii
582 2282 852 2346 Tereo-Graecia
874 2283 974 2364 iacta,
998 2283 1054 2344 sed
1076 2283 1115 2342 ab
1135 2281 1193 2342 hu-

92 2393 150 2472 jus
179 2392 432 2469 interpretatione
463 2391 601 2468 paullum
631 2393 758 2454 diverse.
802 2394 892 2456 Meae
920 2393 1062 2464 editionis
1094 2395 1193 2454 textus

97 2525 134 2564 ex
167 2504 320 2577 Chytraeo
350 2501 523 2578 descriptus
557 2505 622 2573 est,
661 2503 813 2564 adnotatis
843 2507 989 2566 accurate
1018 2525 1054 2564 ex
1084 2502 1193 2564 Crusio

97 2615 284 2676 lectionibus
319 2616 351 2672 et
383 2631 415 2672 er
447 2611 506 2671 hoc
539 2615 630 2688 atque
660 2632 696 2672 ex
716 2613 797 2677 Bibl.
826 2616 968 2676 versione
996 2614 1193 2676 variantibus.

99 2724 179 2786 lilas
201 2726 284 2806 siguo
308 2724 370 2796 Cr„
393 2721 448 2782 has
472 2722 562 2786 litera
583 2725 625 2784 B·
650 2725 762 2796 notavi.

583 2927 624 3036 3.
675 2933 712 3004 e.

186 3106 289 3164 'l'anta
311 3105 370 3162 init
391 3104 422 3162 in
445 3120 602 3162 sacrorum
621 3103 842 3173 instauratione
857 3108 912 3178 vis,
930 3109 965 3164 at
980 3121 1059 3183 quae
1078 3123 1095 3164 a
1112 3121 1195 3163 sum-

95 3218 157 3276 mis
186 3217 259 3274 viris
292 3215 407 3272 rectius
436 3216 604 3290 praecepta
634 3218 665 3272 et
697 3216 837 3274 instituta
859 3219 980 3290 essent,
1014 3215 1054 3274 ad
1076 3217 1192 3274 exteras

98 3326 192 3386 etiam
215 3330 248 3385 et
270 3323 319 3383 vel
342 3323 381 3383 ad
402 3325 619 3384 remotissimas
642 3327 750 3404 gentes
765 3330 933 3404 pergerent
954 3328 1056 3404 ibique
1078 3328 1194 3386 semina

97 3439 294 3516 spargerent,
316 3449 394 3511 quae
417 3435 500 3512 apud
522 3435 598 3507 odias
622 3435 755 3512 populos
783 3436 957 3496 felicissime
980 3435 1192 3507 effloruerunt,

97 3549 184 3625 apud
207 3547 286 3607 alios
308 3565 368 3604 non
393 3547 542 3605 exstincta
563 3551 635 3603 sunt
658 3547 715 3603 nisi
736 3546 1004 3607 vehementissimo
1026 3545 1193 3606 catholieo-

96 3679 167 3718 rum
189 3659 347 3720 hominum
369 3656 470 3716 studio
495 3659 526 3716 et
548 3656 657 3715 ardore
686 3655 844 3734 pestifero.
889 3657 1040 3731 Graecia,
1075 3657 1139 3718 sive
1160 3663 1194 3716 ut

171 3913 199 3976 i)
219 3907 250 3963 ln
266 3925 382 3962 errorem
407 3909 508 3962 induxit
526 3907 694 3964 Heineeeinm
710 3907 809 3964 ordinis
832 3908 956 3964 inversio.
993 3909 1057 3972 Aliis
1080 3911 1148 3964 enirn
1168 3913 1193 3964 io

98 3994 216 4048 articulis
241 4011 335 4063 agmen
360 3995 459 4049 ducunt
481 3993 583 4048 Graeca
611 4009 669 4044 cnm
690 3989 809 4061 Latinis,
834 4010 902 4063 quae
924 3997 1056 4068 excipiunt
1076 3995 1192 4052 Tur-eice.

101 4083 136 4134 At
152 4087 292 4152 postremo
307 4075 417 4133 'Pirreica
433 4081 562 4150 quaedam
585 4079 674 4149 priora
690 4087 759 4146 sunt,
778 4095 873 4149 nempe
888 4079 971 4136 haec:
994 4081 1081 4151 Τέμετ
1104 4085 1195 4154 enode

100 4165 200 4226 vitari,
220 4181 289 4236 qnae
310 4163 454 4220 redduntur
470 4165 594 4218 Graecis:
615 4157 702 4232 ἤγουν
719 4159 894 4232 ἐπλήρωσεν,
911 4167 1015 4224 latinis:
1034 4169 1066 4223 td
1088 4179 1131 4224 esc
1148 4172 1193 4224 ab·

100 4254 196 4308 soleti.
233 4251 343 4306 Turciea
358 4249 402 4302 iiio
416 4250 501 4303 amice
520 4249 598 4302 Gari.
617 4237 900 4304 Stiekeltuessrientt.
918 4253 943 4305 in
964 4253 1016 4308 hac
1038 4257 1112 4310 acad.
1130 4257 1195 4310 i’ro.

100 4341 196 4394 fossor
210 4337 273 4391 nini
289 4335 429 4406 explicuitr
447 4335 496 4388 His
515 4334 652 4389 absolutus
666 4341 707 4387 est
721 4342 856 4402 tractatus,
875 4337 1027 4410 dispmatio.
1044 4345 1194 4414 axvrnsitiffi

107 4441 182 4496 qnae
198 4441 256 4477 curn
273 4422 326 4477 iilis
341 4419 450 4476 Graecia
467 4438 552 4493 paena
568 4420 735 4474 conveniunt.
