2896 5180
446 423 770 522 Prologuntena.
922 445 925 450 ’
1025 513 1027 518 Ι
1132 449 1157 498 r

57 615 194 674 tinorum
213 611 322 690 partes
340 619 471 687 prorsus
493 609 681 688 amplexato,
704 609 844 687 datust„
856 611 990 674 amititia
1002 608 1047 688 Ξ).
1089 611 1154 674 Do·

57 723 207 784 ditantur
228 719 395 780 Bersarion
420 719 459 780 sd
483 718 620 782 Graecos
649 720 688 782 da
708 720 796 782 Petri
817 722 950 800 primatu
980 721 1153 800 epistulam,

55 835 91 892 in
113 851 172 908 que
193 830 292 891 multa
309 829 378 910 iero
399 829 508 890 iisdem
534 827 636 890 verbis
663 829 826 912 leguntur,
857 847 948 908 quem
977 852 1057 910 qnae
1079 837 1152 894 sunt
1196 875 1199 882 ·

54 945 89 1004 in
112 941 266 1004 Gennadii
287 941 368 1000 libro
390 957 484 1018 snpra
505 940 642 1016 laudato,
662 941 753 1018 enjus
776 943 883 1018 quinto
906 944 1007 1020 sapite
1030 943 1068 1004 ds
1089 944 1151 1005 Ps-

55 1073 116 1132 pae
138 1053 322 1112 auctoritato
345 1050 519 1126 querutum
547 1068 642 1128 porro
672 1020 749 1114 locis
772 1072 790 1118 o
811 1053 916 1116 Laena
936 1053 1040 1114 Altam
1062 1055 1150 1132 operi

56 1165 96 1224 de
125 1163 282 1223 eeclesiae
310 1161 513 1222 occidentalis
535 1167 628 1240 atque
653 1165 816 1226 orientalis
841 1173 997 1244 perpetua
1018 1183 1150 1227 omma·

55 1277 144 1334 sione
184 1271 356 1347 conposito
380 1266 411 1348 2)
450 1289 486 1330 er
535 1271 602 1336 aliis
641 1271 792 1334 Geunadii
838 1275 923 1338 libris
966 1277 1148 1336 intermissis

57 1375 130 1444 nihil
164 1384 264 1454 inest,
294 1379 379 1458 quod
406 1380 496 1442 istam
526 1384 637 1458 montis
667 1383 903 1447 inconstantiam
938 1387 1090 1468 significet
1104 1384 1147 1466 3).

58 1495 269 1556 ddrerssatur
291 1494 322 1551 et
342 1490 471 1554 aliorum
495 1495 655 1552 suetorum
677 1496 859 1557 testimonia.
903 1493 994 1557 Certe
1010 1496 1147 1557 Joanues

58 1603 262 1664 Plosiodenus
284 1603 315 1662 in
338 1601 478 1680 dialogo,
509 1603 599 1680 cujus
622 1604 686 1664 Leo
712 1605 845 1670 allatius
867 1610 1053 1670 mentionem
1074 1609 1149 1668 iecit

61 1714 119 1775 tl.
140 1734 172 1791 p.
193 1711 268 1774 907.
291 1713 370 1772 haee
390 1711 483 1770 habet
505 1713 659 1775 dieentesr
682 1721 828 1798 Εὐλαβήςτ
852 1726 900 1782 sai
923 1729 967 1793 ata
990 1727 1096 1799 ἔμεινεν
1117 1725 1149 1784 ἐν·

60 1822 92 1892 τῇ
108 1821 163 1874 τῶν
182 1817 314 1888 sparsus
331 1816 438 1884 atara,
463 1806 486 1890 ᾦ
504 1812 537 1870 mi
554 1813 607 1890 τήν
623 1812 771 1890 εὐλάβειαν
788 1814 949 1890 ἀποδίδωςς
968 1817 1149 1894 ‘amastrae

124 2076 152 2143 1)
180 2072 236 2128 Gir.
253 2067 383 2126 Biblioth.
402 2067 514 2126 Maxim.
531 2068 605 2125 Patr.
636 2065 760 2143 Lugduni
779 2078 854 2134 1677.
879 2074 987 2132 Votum.
1004 2073 1103 2134 xxvi.
1120 2095 1149 2150 p.

58 2165 132 2225 555„
149 2159 193 2214 uisi
214 2159 304 2214 brevis
321 2159 393 2212 vitae
410 2156 540 2213 German
557 2157 748 2214 adumbratio..

122 2273 151 2338 2)
167 2269 274 2324 Prodiit
291 2267 335 2324 hio
351 2267 420 2324 liber
436 2266 555 2322 famosus
573 2264 668 2324 Goion.
688 2269 850 2344 Agrippinae
869 2271 944 2328 1648.

121 2379 150 2447 8)
170 2378 212 2434 its
234 2397 260 2449 p·
276 2383 336 2436 889·
352 2378 379 2432 in
399 2373 465 2432 omt.
489 2376 526 2430 de
552 2375 634 2436 Pace
657 2379 683 2434 in
701 2380 795 2434 concii.
814 2371 969 2437 diorentino
986 2377 1076 2434 habita
1093 2379 1149 2432 ilio·

59 2483 112 2519 rom
130 2483 161 2520 se
176 2464 401 2520 criminationibus
420 2463 549 2534 opponit,
573 2465 616 2534 qui
635 2475 738 2538 patrum
756 2466 855 2537 scripta
872 2465 1031 2520 aRomanis
1049 2466 1149 2520 aduite-
1218 2504 1224 2514 .

59 2559 114 2604 rata
132 2567 193 2605 esse
211 2549 345 2604 dicerent:
376 2542 407 2602 ro*
436 2541 466 2602 δὲ
483 2547 623 2612 Λατίνους
647 2552 825 2624 βουληθῆναι
849 2543 1017 2620 διαφθεῖραι
1033 2547 1088 2619 τήν
1106 2549 1151 2604 τί·

61 2660 117 2696 στιν
132 2641 181 2696 aai
196 2638 250 2710 τήν
273 2643 330 2695 τῶν
352 2636 525 2696 antaradum
550 2637 683 2698 dodorus
699 2645 839 2700 rodericus
853 2644 1024 2711 θεολογίαν,
1042 2643 1085 2704 τίς
1102 2634 1150 2695 od-

11 2719 12 2732 *
64 2753 118 2798 τως
135 2731 236 2796 ἁπλοῦς
252 2731 345 2799 ἐστίν,
371 2726 441 2788 ὥστε
465 2734 626 2799 amedeum
647 2728 694 2788 Ἢ
708 2737 753 2797 τίς
775 2737 861 2790 τοῦτο
878 2731 951 2788 αυτοὶ
966 2733 1097 2788 Λατίνων
1113 2733 1151 2788 τί·
1203 2803 1206 2808 Ι

62 2823 124 2882 τείν
142 2821 202 2896 οὐχί
217 2825 262 2880 καί
280 2827 384 2896 γέλωτα
400 2820 603 2893 ναυστολήσεις
636 2821 762 2896 Οὐδεμία
785 2823 838 2898 peip
864 2823 980 2894 ταυτησὶ
1003 2823 1054 2894 τῆς
1069 2843 1152 2894 κατη-

59 2913 155 2982 γορίας
171 2911 278 2965 πλείοσί
301 2929 331 2966 τε
356 2909 590 2978 saturaverat
613 2907 810 2983 ἀληθεστέρους
836 2904 873 2966 ἂν
897 2907 1033 2978 ἐλέγχοιτο
1050 2905 1150 2978 λόγοις.

59 3005 178 3064 (dirorum
204 3005 231 3058 id
249 3004 387 3074 congruit,
413 2999 485 3072 qrrod
511 3004 537 3057 in
563 3009 741 3078 expositione
755 3023 815 3080 pro
841 3003 1007 3060 Florentino
1031 3001 1152 3056 coneilio

58 3091 164 3162 legimus
188 3109 211 3145 c.
230 3089 252 3144 1.
270 3099 334 3144 sect.
354 3097 377 3146 t.
402 3089 429 3142 iu
446 3085 518 3142 Bibi.
536 3105 618 3161 snpra
636 3091 748 3161 allegata
773 3109 800 3162 p.
816 3081 875 3148 56³2.
895 3092 933 3146 de
946 3085 1043 3140 Murco
1061 3085 1152 3157 Ephe*

58 3178 94 3232 rio
120 3177 252 3232 scanno
276 3173 433 3230 Latinorum
459 3174 659 3244 impugnatore,
690 3177 740 3230 sed
767 3185 944 3230 conventuum
976 3171 1152 3242 frequentiam

59 3262 153 3334 ignave
170 3261 323 3316 devitantes
345 3259 396 3313 'Sin
420 3267 508 3314 autem
532 3259 559 3312 in
586 3267 708 3331 tempore
726 3260 761 3318 ad
784 3261 977 3331 disputationes
995 3257 1150 3322 accedebat,

57 3367 87 3402 ac
113 3347 196 3420 (lege
218 3347 272 3420 ar)
299 3355 451 3401 sanctorum
478 3343 649 3398 auctoritates
671 3360 727 3400 oon
749 3345 932 3418 approbabat,
958 3352 1098 3415 corruptos
1125 3351 1152 3400 et

56 3433 220 3492 adulterinos
234 3438 374 3494 vetustos,
392 3446 484 3484 sacros
502 3437 529 3483 et
546 3430 650 3486 divinos
670 3429 809 3486 doctorum
826 3429 933 3484 codices
951 3429 1051 3484 dicens.
1086 3427 1152 3482 item

56 3519 80 3575 in
96 3521 176 3575 aiter.
195 3536 254 3589 cap.
271 3525 338 3573 sect.
353 3521 389 3578 2„
405 3515 440 3568 de
457 3523 551 3568 saneto
567 3513 700 3570 sacritido
718 3531 818 3585 agens:
841 3511 987 3572 Praeterea
1004 3514 1151 3571 divinorum

57 3614 80 3660 et
96 3613 255 3660 sanctorum
273 3611 375 3672 patrum
402 3599 557 3655 traditiones
580 3597 692 3656 firmiter
716 3597 896 3670 amplectimur
921 3609 948 3652 et
964 3599 1065 3667 integre
1079 3587 1151 3650 tene-

56 3707 110 3744 mus
127 3687 209 3744 simui
226 3695 255 3741 et
272 3687 451 3760 capessimus,
470 3700 615 3754 eorumque
638 3686 683 3758 pia
701 3685 826 3757 dogmata
851 3691 877 3737 et
899 3684 996 3756 scripta
1017 3681 1152 3754 praedica·

57 3791 120 3839 rous,
142 3791 196 3828 nec
211 3771 296 3826 libros
320 3790 368 3829 eos
393 3769 584 3841 corrumpimus
599 3798 632 3811 -
654 3787 741 3842 neque
763 3785 854 3824 eorum
871 3769 940 3823 dieta
966 3769 1151 3840 depravamus.

56 3857 153 3931 Neque
175 3857 255 3912 tacite
280 3857 434 3912 Gennadius
466 3857 493 3909 in
517 3855 576 3909 ead.
599 3864 674 3910 orat.
695 3856 732 3913 de
753 3855 926 3912 Pueritiam
950 3854 1080 3926 synodum
1103 3868 1152 3926 pro

57 3944 230 4000 oecumenica
247 3941 347 4000 habere
362 3943 495 4015 potuisset
514 3937 587 4010 (Leo
602 3941 685 3998 Allat.
701 3942 719 3998 i.
731 3942 749 3996 Ι.
774 3961 802 4014 p.
818 3943 902 4010 919.),
921 3957 1007 4010 neque
1027 3956 1079 3994 una
1095 3955 1153 3992 curn

57 4029 224 4088 Bessarione
243 4027 331 4082 Marci
349 4026 463 4098 Ephesii
485 4021 625 4094 κεφάλαια
642 4025 830 4098 συλλογιστικοὶ
847 4025 918 4098 ποὸς
935 4027 1075 4088 Λατίνους
1090 4023 1155 4096 aspi

58 4119 103 4187 τῆς
121 4107 313 4183 ἐκπυρώσεως
331 4115 382 4168 τοῦ
401 4103 482 4182 ἁγίου
507 4105 664 4178 πνεύματος
681 4114 818 4182 ‚potuisset
837 4113 998 4183 redarguere
1019 4111 1092 4181 (Leo
1110 4111 1155 4164 Ar-

56 4203 99 4257 iat.
117 4205 134 4258 1.
153 4201 218 4272 i.'p·
233 4201 320 4271 935),
338 4199 379 4252 cui
396 4213 529 4270 responso
547 4199 674 4268 opposuit
690 4199 759 4254 idem
775 4198 819 4252 iiie
837 4187 971 4268 Ephesius
990 4196 1155 4270 Epistulam
1254 4253 1256 4268 ³

59 4289 95 4342 ud
129 4285 288 4358 Georpium
312 4280 500 4340 Sedulurdsmt
527 4288 630 4339 eontra
659 4286 733 4340 ritas
764 4290 793 4340 et
822 4283 970 4356 sacrifieda
1005 4281 1155 4337 Romanus

62 4374 210 4430 eeclesiae.
898 4368 900 4380 ⁴
