2896 5180
451 461 780 572 Prolagomeua,
885 487 887 492 ’
1051 458 1164 538 ¹xrtrtru
1188 555 1197 586 Ι

12 641 13 646 ’
66 623 411 730 eontmttaopalttano
444 659 597 709 summam-
621 647 765 708 cessisset
789 644 1016 708 'auctoritatem
1068 649 1160 714 Hunc

12 785 13 790 ¹
66 783 141 824 vero
163 781 234 824 essa
256 757 459 822 barbarorum
480 755 605 846 arbitrio
627 759 755 818 maxima
776 757 955 832 obnoxium,
968 761 1070 842 ¹quum
1093 760 1160 840 ejus

66 874 156 934 sedes
188 875 220 934 et
253 871 386 951 dignitas
415 870 573 936 auarus
589 865 777 947 caenum).
835 849 996 930 Nonnullis
1030 869 1068 930 de
1098 872 1161 933 ele-

12 1031 13 1040 ,
66 985 189 1057 ctione,
217 980 470 1062 inauguratione,
499 979 622 1058 juribus
644 979 894 1071 Patriarcharum
919 959 1100 1058 disputatis,
1122 983 1162 1044 de
1203 961 1206 965 ’

65 1088 215 1170 quattuor
246 1076 411 1152 orientalia
439 1091 551 1166 sactis,
581 1090 766 1164 Armenica,
800 1084 947 1165 Coptica,
981 1089 1162 1156 Maronitiea

65 1209 96 1264 et
123 1191 305 1264 ¹(lacobitica
344 1191 437 1286 sgitt'(
471 1201 613 1277 Denique
650 1199 689 1259 de
719 1185 801 1260 suae¹
833 1197 982 1261 ecclesiae
1018 1205 1162 1264 constan-

65 1317 107 1376 tia
128 1315 266 1390 fideique
287 1311 494 1392 perpetuitate
515 1313 627 1371 iterum
649 1310 797 1390 gloriatus
817 1327 881 1370 non
903 1308 1061 1388 infitiatur,
1079 1331 1164 1376 cras-

68 1445 131 1486 sam
156 1426 198 1484 ibi
222 1441 291 1483 esse
314 1426 346 1484 et
367 1421 576 1484 incredibilem
592 1413 819 1502 'maerentium
850 1410 943 1496 quam
965 1394 1166 1513 comedite-⁴

69 1541 128 1597 tem
144 1538 258 1620 nactos
265 1521 396 1594 Iesuitas
407 1531 673 1610 Constantinopoli
687 1515 782 1590 -sic
794 1531 873 1591 euim
889 1520 1042 1590 scribit—
1052 1534 1164 1603 funda-

70 1650 171 1706 menta
190 1645 307 1722 jecisse
326 1645 369 1703 ad
402 1631 585 1704 erudiendos
617 1659 732 1720 pueros
755 1643 787 1702 ct
816 1624 968 1718 proficere
998 1649 1074 1721 quot
1094 1647 1162 1710 rul-

71 1775 124 1834 pes
145 1757 227 1816 iuter
249 1751 390 1835 gallinas.
434 1753 606 1814 Polliceinr
626 1770 711 1828 vero,
733 1771 767 1812 se
791 1753 873 1811 omui
894 1738 986 1831 modo
1000 1743 1162 1818 cauturum

74 1883 158 1943 essa,
189 1885 229 1927 ue
252 1863 345 1924 fallax
367 1863 421 1923 dle
450 1864 638 1938 deruitarum
660 1853 756 1943 geue,
781 1879 872 1938 quam
894 1855 925 1920 εἶ
942 1864 1010 1938 quie
1032 1865 1109 1927 alius
1131 1869 1163 1928 in

73 1977 144 2036 odio
163 1977 276 2051 habet,
306 1973 425 2052 majora
447 1973 540 2039 iaciat
561 1975 759 2033 incrementa.
803 1973 911 2035 Libros
933 1971 972 2033 ab
993 1974 1163 2040 illustribus

73 2088 229 2148 ordinibus
259 2086 369 2144 missos
400 2083 540 2145 additae
562 2086 636 2160 post
655 2083 787 2144 reditum
813 2083 928 2160 duplici
950 2087 1043 2163 gustu
1065 2085 1165 2150 lacm-

73 2217 138 2258 rum
160 2213 250 2275 esse;
279 2195 389 2256 Jacobi
411 2195 539 2255 Arminii
560 2195 676 2270 theses,
698 2209 754 2254 suo
772 2193 892 2272 judicio
914 2169 1027 2270 addito,
1049 2201 1165 2262 oratori

73 2307 426 2382 saracenatorum.
469 2304 573 2380 Patre,
602 2289 717 2366 ut'sur
739 2290 877 2368 mittatur
898 2307 982 2365 totus
1005 2295 1164 2390 cethegus

74 2421 250 2491 doctorum,
275 2389 334 2492 ¹(pai
366 2417 498 2496 graviter
527 2408 707 2493 scripserint
732 2417 764 2475 in
786 2418 948 2492 utramque
971 2413 1165 2497 scripturam,

74 2532 196 2590 maxime
219 2529 252 2587 in
273 2527 369 2586 libros
393 2527 498 2600 Masis,
519 2527 550 2586 in
573 2525 706 2604 majores
727 2523 921 2603 Prophetas,
944 2527 976 2600 ip
996 2517 1165 2608 Evangelia

74 2642 222 2718 Paulique
245 2635 412 2715 epistolas,
437 2638 547 2714 quibus
569 2655 633 2712 ros,
656 2632 772 2712 inquit,
804 2633 849 2694 ac
863 2631 935 2712 plus
955 2635 1092 2710 utimini,
1115 2657 1166 2720 ωτ-

76 2728 173 2828 ceptis
194 2751 246 2824 iis,
281 2763 361 2824 quos
388 2729 591 2804 Illustrlesimi
613 2743 743 2816 Ordines
766 2743 806 2802 ad
827 2761 876 2806 me
892 2739 941 2828 9).Κ
978 2741 1046 2804 Nou
1066 2747 1165 2810 solum

75 2879 145 2921 sero
168 2859 396 2938 Theologcrum
419 2855 542 2916 uomina
560 2857 594 2915 et
616 2833 720 2914 libros
736 2853 924 2934 cognoscere
947 2857 1080 2934 cupivit,
1110 2859 1165 2918 sed

76 2973 163 3032 mam
192 2967 454 3044 Philosophorum
484 2967 515 3026 et
542 2964 591 3025 vel
618 2965 904 3039 Mathematicorum
942 2984 1038 3043 opera
1068 2971 1167 3044 prima

74 3082 235 3140 occasione
259 3078 297 3138 ad
321 3096 354 3138 se
376 3077 473 3136 voluit
494 3077 636 3136 mitti-‘-
664 3075 735 3136 Jam
762 3093 836 3135 vero
866 3093 923 3136 cur
950 3094 1014 3138 uua
1035 3059 1166 3156 epistola

74 3173 342 3267 Constantinopoli
364 3187 462 3248 altera
483 3205 519 3247 ex
541 3185 696 3248 Walachia
717 3185 790 3248 data
811 3187 868 3263 sit,
895 3185 989 3266 huJ‘us
1009 3189 1055 3258 rei
1077 3159 1166 3252 esus·

77 3363 309 3384 m

144 3479 171 3548 t)
187 3471 339 3534 Dicebatur
356 3471 410 3531 hcc
428 3472 543 3540 donum,
568 3489 623 3548 qao
639 3489 734 3548 munus
753 3469 933 3544 patriarchale
956 3481 992 3536 ab
1007 3481 1168 3552 imperatore

78 3561 223 3620 'lurcamm
240 3561 431 3628 redimeretur,
446 3557 607 3628 πεσκέσιόν,
625 3563 698 3633 quod
716 3565 816 3634 primus
833 3566 929 3635 solvit,
951 3565 996 3636 qui
1012 3568 1117 3636 quintus
1133 3567 1169 3622 ab

77 3645 310 3717 Comtaadnopoli
328 3643 477 3718 expugnata
494 3645 651 3701 Petitartha
676 3648 775 3707 electus
794 3657 852 3714 est,
877 3647 1002 3722 Symeon
1020 3649 1168 3707 Hieromu-

76 3733 184 3790 ttachus
203 3731 431 3804 lbapczuntittsr
445 3730 532 3786 electo
549 3731 678 3816 vigesimo
696 3734 815 3790 secundo
832 3733 986 3810 Dionysio,
1004 3745 1066 3790 aute
1084 3734 1169 3792 Nico-

78 3821 179 3876 mediae
198 3815 384 3889 Metropolitas,
404 3814 543 3870 adauctum
560 3816 624 3870 iilud
642 3817 741 3872 donum
758 3829 801 3874 est
817 3819 854 3876 ad
868 3820 918 3874 tria
934 3823 1004 3876 milia
1018 3839 1168 3879 aureorum.

78 3905 131 3966 Qui
149 3922 216 3961 vero
235 3921 296 3959 eam
313 3901 419 3970 excepit
436 3897 535 3958 XXlll.
545 3899 735 3975 ‚Joasapltum
751 3899 928 3978 Metropolim
944 3903 1171 3978 Adriauepolees,

78 3991 162 4046 nubta
183 3987 424 4046 machinationibus
442 3986 470 4042 id
486 3979 591 4054 ededt,
615 3995 645 4041 ut
662 4003 716 4042 uno
737 3989 809 4044 mille
833 3990 962 4055 detracto,
980 3990 1021 4044 bis
1038 3989 1109 4045 milia
1123 4007 1171 4046 uu-

80 4085 340 4144 trementemque
357 4069 415 4143 jam
435 4073 572 4143 septimus,
592 4069 727 4144 Symeon,
743 4074 840 4130 lterum
859 4077 953 4150 sellem
972 4073 1172 4146 patriarchalem

79 4158 258 4226 abuma,
281 4157 421 4213 solveret·
446 4154 500 4212 Cir.
516 4155 692 4228 l‘urcograec.
716 4149 744 4229 p.
761 4162 812 4216 tae
831 4173 871 4230 sq.
898 4163 1032 4218 129.169.
1073 4185 1075 4192 ¹

146 4253 179 4324 2)
203 4249 274 4308 Rem
298 4251 408 4322 expauit
430 4265 464 4306 ex
487 4247 579 4304 Pacu
602 4245 747 4318 Pindari,
775 4251 877 4322 Augilai
903 4253 938 4308 ad
960 4249 1173 4326 rotomagus,

80 4334 171 4403 surh,
190 4351 273 4407 quare
287 4349 342 4390 rou
356 4343 413 4403 eat,
430 4347 478 4390 cur
490 4335 517 4389 ei
532 4329 617 4387 flden
634 4331 804 4405 Muenna·
838 4333 928 4393 Miror
949 4341 1042 4412 iptm,
1059 4359 1077 4396 a
1092 4339 1174 4396 bioh·

81 4419 153 4478 niitlo
172 4421 191 4476 Ι.
210 4421 230 4476 Ι.
247 4437 275 4493 p.
290 4423 351 4482 56⁶,
367 4417 517 4478 aliterreu
534 4416 769 4478 ammonent

868 4536 887 4581 ί
