2896 5180
280 475 394 525 xxvru
673 453 994 546 Prolcgomenu.

279 637 384 714 gelicis
412 639 514 715 potius
546 636 793 714 conjunctionem
822 637 1004 712 suaderent,
1037 640 1096 698 fuit
1118 639 1208 696 etiam
1231 636 1368 712 Gyrillus

277 749 421 808 Luceria,
458 747 657 808 Nihilominus
687 768 740 809 rex
768 749 912 808 unionem
941 765 1028 806 suam
1049 749 1135 808 initio
1166 747 1274 810 leviter
1297 767 1369 808 mox

278 860 412 920 severius
433 859 589 918 inductam
611 878 706 934 quum
728 858 824 919 nollet
846 859 885 918 ad
907 860 1026 924 irritum
1047 858 1176 931 cadere;
1208 859 1246 918 od
1268 859 1368 918 Male·
1441 937 1442 954 χ

277 971 352 1048 tium
373 969 610 1030 Alexandrinum
631 969 740 1038 literas
769 969 973 1046 perhumanus
995 970 1062 1045 ipse
1085 967 1186 1043 dedit,
1219 986 1312 1042 quem
1335 971 1370 1026 et

276 1079 416 1142 doctriua
449 1083 480 1140 et
508 1081 656 1160 grauitate
691 1083 783 1156 atque
811 1080 993 1139 auctoritate
1024 1079 1174 1157 insignem
1203 1078 1247 1141 ad
1277 1097 1368 1136 suam
1441 1103 1442 1116 κ

275 1193 394 1266 partem
417 1191 540 1252 allicere
561 1191 657 1267 ipsius
678 1191 835 1250 intererat
879 1189 921 1248 At
941 1207 1014 1248 vero
1035 1187 1188 1267 Meletius‚
1210 1191 1261 1266 qui
1284 1209 1367 1248 sem·
1441 1223 1442 1234 κ

274 1319 331 1376 per
352 1301 516 1377 et·ubique
537 1300 669 1360 Romani
698 1297 852 1377 pontificis
883 1301 1088 1378 arrogantiam
1120 1300 1169 1359 rel
1191 1301 1285 1358 irrisit
1315 1300 1366 1358 vel
1441 1325 1442 1330 ¹

275 1413 408 1489 graviter
432 1412 599 1486 refutarit,
636 1411 797 1486 rescripsit
834 1409 970 1470 modeste
1009 1427 1045 1468 ac
1083 1411 1273 1482 verecunde,
1310 1411 1367 1469 sed

275 1539 395 1584 omnem
424 1540 495 1582 cum
524 1523 682 1586 catholicis
720 1521 916 1580 concordiam
947 1539 1098 1586 amovens.
1143 1520 1207 1578 Has
1244 1521 1364 1580 litteras
1441 1589 1442 1598 χ

273 1650 331 1708 per
353 1631 500 1706 Gyrillum
523 1633 683 1694 Lucerum
712 1633 777 1712 regi
806 1633 991 1703 transmisit,
1020 1650 1110 1707 quem
1132 1631 1190 1690 hac
1214 1630 1286 1690 data
1311 1651 1365 1690 oc-

274 1741 397 1802 casione
420 1745 448 1803 ei
470 1742 663 1802 commendat
693 1746 725 1802 et
746 1761 820 1802 suae
842 1742 922 1802 sedis
944 1741 1115 1800 Erarchum
1138 1742 1365 1820 appellavit1).

275 1855 342 1929 Qua
364 1853 485 1929 quidem
508 1855 599 1923 animi
619 1854 803 1914 liberalitate
823 1871 876 1912 rex
904 1856 990 1912 tanta
1020 1853 1083 1911 irae
1110 1852 1365 1912 excandescentia

272 1967 430 2038 permotus
454 1967 517 2040 est,
546 1967 583 2024 ut
611 1983 673 2024 non
707 1964 806 2028 solum
827 1964 943 2024 Meletii
970 1963 1116 2040 epistolas
1132 1963 1163 2040 ²)
1187 1964 1293 2048 quavis
1315 1965 1365 2024 uia

273 2075 495 2152 supprimeret3
518 2075 572 2136 sed
596 2077 686 2136 etiam
709 2075 917 2137 crudelissime
939 2075 971 2132 in
993 2074 1141 2147 Graecos,
1164 2091 1234 2132 cum
1257 2075 1366 2135 catho-

271 2183 338 2244 licis
361 2187 583 2246 commercium·
600 2189 765 2260 aversatos,
786 2187 925 2247 saevust.
959 2186 1180 2260 Naepuorum,
1203 2182 1365 2247 Constant.

270 2295 469 2356 Patriarchae
500 2297 675 2370 exarchum,
703 2302 833 2374 captum
848 2297 959 2372 laqueo
979 2296 1148 2369 interemit,
1182 2298 1214 2354 et
1245 2295 1362 2370 Cyrillo

271 2405 369 2464 simile
391 2405 465 2482 quid
487 2407 668 2482 accidisset,
699 2409 758 2468 uisi
779 2407 854 2488 fuga
876 2407 968 2469 saluti
990 2407 1021 2468 et
1041 2407 1121 2466 ritae
1143 2406 1361 2482 prospexisset.

270 2517 356 2591 Quae
379 2517 459 2576 euim
482 2515 588 2576 fabula
618 2517 656 2577 de
687 2517 754 2596 ejus
768 2517 1016 2580 ‘dissimulatione
1040 2535 1077 2575 ac
1101 2515 1171 2575 dolo
1194 2535 1213 2573 a
1232 2515 1361 2575 Jesuitis

269 2645 377 2703 sparsa
397 2629 462 2700 est,
490 2645 562 2688 eum
590 2627 713 2704 prolata
741 2604 849 2705 aliqua
872 2627 1042 2688 catholicae
1065 2626 1137 2686 fidei
1166 2625 1357 2685 consessione

267 2757 300 2798 se
323 2739 507 2826 sulrlraxisse
537 2738 708 2815 supplicio,
741 2741 769 2800 ei
792 2757 880 2798 nemo
902 2737 994 2798 fidem
1017 2737 1158 2811 habebit,
1194 2737 1245 2814 qui
1274 2736 1359 2796 illius

268 2850 388 2928 generis
410 2849 500 2910 uoles
522 2851 554 2906 et
574 2848 698 2922 iurum,
725 2847 832 2924 cyrilli
855 2850 1057 2910 constantiam
1080 2865 1117 2908 ac
1138 2849 1357 2923 sinceritatem,

266 3011 475 3028 m

335 3108 365 3178 1)
390 3103 612 3179 Repeneolsciae
631 3107 650 3163 1.
666 3107 684 3164 Ι.
699 3107 755 3164 ‘lV.
782 3127 808 3182 p·-
827 3115 886 3176 467.
922 3111 1008 3166 Smitlr
1029 3113 1046 3167 l.
1067 3113 1083 3166 l.
1111 3109 1138 3182 p.
1163 3115 1204 3166 liu
1224 3105 1357 3182 Ἐξαρχοι

266 3207 333 3248 vero
355 3191 435 3260 legati
459 3191 564 3246 suerum
578 3191 802 3262 patriarcharum,
819 3198 931 3250 maxime
953 3213 970 3248 a
987 3195 1199 3266 Constautinop,
1220 3198 1265 3252 ubi
1287 3215 1356 3268 opus

267 3295 328 3333 esse
345 3277 502 3342 videbatur,
520 3278 610 3332 emissi
627 3279 662 3332 ad
684 3281 845 3352 colligendas
868 3283 1010 3352 pecunias,
1029 3283 1123 3352 quibus
1145 3279 1176 3336 τὸ
1199 3279 1355 3350 superinos,

266 3370 295 3416 ut
311 3360 448 3418 dicebatur
467 3360 591 3418 tributum
612 3365 685 3436 illud,
703 3365 815 3420 Sulteno
839 3367 1044 3436 persolveretur.
1080 3367 1150 3421 Dicti
1169 3367 1266 3422 deinde
1285 3377 1354 3432 sunt,

266 3449 417 3518 unicunque
437 3448 472 3502 ad
493 3463 539 3501 res
563 3450 658 3505 eccles.
685 3451 846 3505 ordinandas
874 3459 901 3505 et
921 3451 1119 3508 constituendus
1146 3473 1163 3508 a
1189 3455 1354 3528 patriarchis,

267 3549 380 3604 quorum
401 3531 475 3586 vices
496 3533 728 3602 administrabant,
746 3535 868 3606 delegati.

333 3645 363 3712 2)
381 3643 477 3701 Plures
495 3645 599 3698 misisse
612 3641 752 3705 Meletiurn
774 3645 918 3715 epistolas,
935 3646 994 3714 ipse
1011 3646 1124 3716 cyrillus
1145 3646 1258 3702 Lrscaris
1281 3651 1354 3704 testis

264 3737 315 3790 est,
333 3728 446 3784 lettres
467 3731 619 3794 anecdotes
634 3749 661 3802 p.
679 3733 754 3792 1625
779 3727 893 3800 Contigit
914 3731 1093 3790 Alexandrino
1114 3733 1287 3790 Patriarclrae
1310 3754 1353 3804 pa·

263 3814 402 3869 trocinium
417 3815 472 3870 hoc
493 3833 524 3872 se
538 3819 699 3888 suscepisse,
716 3831 766 3878 nec
785 3814 900 3884 neglexit
922 3819 1039 3890 scribere
1053 3820 1087 3872 ad
1109 3837 1210 3890 regem,
1229 3820 1270 3874 ud
1287 3819 1351 3875 Ma·

261 3906 365 3974 pnsum
379 3917 492 3963 omnes,
511 3901 612 3960 hortmi
631 3901 710 3966 illos,
728 3917 782 3970 quo
804 3897 865 3956 fieri
889 3901 989 3970 potuit,
1008 3905 1148 3971 protestari
1170 3920 1219 3977 pro
1238 3902 1351 3973 justitia,

263 3998 314 4056 pro
324 3984 396 4055 jure,
406 4004 457 4056 pro
473 3987 560 4058 legum
572 3986 730 4050 reverentia,
748 3993 775 4040 et
789 3984 895 4047 tandem
909 4002 1014 4056 rogare,
1032 3985 1183 4042 obsecrare.
1211 3989 1247 4042 At
1263 3991 1351 4043 omnia

263 4087 348 4134 vuus3
366 4071 554 4142 adducesque
574 4073 646 4128 illinc
669 4072 768 4134 certior
790 4070 876 4128 factus
899 4089 967 4138 sum,
984 4071 1061 4142 pejus
1075 4073 1270 4144 ,ingravescere
1290 4095 1350 4146 per·

262 4157 425 4212 secutionem
447 4167 474 4212 et
490 4157 652 4227 violentiam,
670 4172 723 4226 quo
746 4157 806 4228 plss
821 4165 849 4211 et
863 4155 1034 4210 Moscoviam
1052 4175 1184 4230 occupare
1198 4161 1349 4244 desperant.
1441 4169 1442 4178 ³

261 4238 299 4292 Et
314 4240 403 4310 purello
417 4252 480 4312 post
495 4244 664 4316 conqueritur
681 4243 716 4299 de
729 4243 889 4298 Jesuitarum
905 4242 1151 4313 machinationibus,
1169 4247 1264 4316 quibus
1286 4247 1350 4300 solis

262 4322 448 4394 ellectum'sit,
467 4335 496 4381 ut
511 4326 625 4397 Poloni,
643 4327 749 4383 Lituani
766 4337 793 4382 et
809 4327 922 4398 Ruteni,
946 4344 980 4380 ne
1000 4327 1096 4381 diutius
1115 4331 1168 4386 sim
1187 4341 1349 4404 paterentur,

258 4411 391 4468 ecclesiae
401 4430 433 4470 se
448 4411 612 4486 subjecerint
630 4414 777 4470 Romanae.
