2916 5172
354 423 562 494 Gennadii
596 421 824 496 Confessio
875 430 902 496 Ι.
1137 439 1163 510 5

68 609 171 689 pater
203 600 368 690 ingenitus
396 613 465 686 est,
497 611 530 669 et
551 604 818 692 quemadmodum
847 630 955 676 sermo
984 623 1163 698 generatur

71 713 117 778 ab
138 714 214 800 ipsa
237 712 358 795 animo,
397 713 497 779 itaet
524 716 656 780 verbum
677 715 780 784 Deio
808 727 901 804 patre
923 731 1105 808 generatur,
1126 737 1160 793 et

70 821 350 910 quemadmodum
371 823 505 909 spiratio
528 833 704 913 generetur
730 827 784 892 θῖ)Ι
806 829 926 913 anime,
961 838 993 895 et
1026 834 1158 920 spiritus

68 942 208 998 sanctus
230 931 380 1018 procedit
402 957 421 998 a
441 942 550 1020 petre3
573 943 606 1001 et
628 935 680 1001 dic
701 935 767 1001 sio:
780 937 925 1019 Anima,
947 951 1069 1022 sermo,
1090 947 1158 1031 spi-

66 1046 176 1124 ratio,
209 1043 316 1108 anima
343 1066 407 1109 una
439 1054 472 1109 et
500 1067 566 1110 nou
592 1053 670 1112 tres.
721 1048 948 1134 Itanetpater.
971 1054 1158 1121 verbumst

66 1152 206 1241 spiritus
230 1162 363 1218 sanctus
391 1171 481 1220 unus¹
495 1155 612 1236 Deus,
628 1157 791 1226 neutros.
834 1160 1062 1247 Inseparabiiis
1089 1139 1156 1230 ani-

66 1289 137 1347 ma,
160 1273 195 1329 et
218 1285 327 1329 sermo
350 1273 383 1329 et
403 1264 537 1350 spiratio
552 1261 748 1332 'dna'orrima
769 1275 802 1332 et
822 1291 887 1336 non
908 1277 997 1354 tres,
1025 1272 1155 1360 insepa-

63 1375 178 1440 rabilis
210 1384 303 1463 pater
333 1382 366 1438 et
396 1375 528 1439 verbum
563 1381 596 1438 et
624 1375 758 1460 spiritus
786 1387 928 1444 sanctus.
980 1383 1154 1449 Invisibilis

65 1485 193 1566 anima,
226 1483 393 1550 invisibilis
425 1493 459 1548 et
479 1485 580 1548 Deus.
617 1486 662 1550 Et
683 1488 813 1572 quondo
835 1474 951 1556 mente
964 1490 1152 1574 haesitabis,

65 1593 234 1682 quomodo
265 1595 372 1680 possit
399 1617 475 1660 esse
503 1615 589 1660 unus
618 1597 728 1677 Deus,
757 1607 791 1663 et
811 1600 907 1666 trium
928 1623 1151 1687 personarum,

1247 851 1262 892 Ι

63 1705 175 1792 cogita
191 1712 226 1768 et
241 1704 311 1769 dic:
334 1703 611 1786 Quemadmodum
626 1706 810 1774 animamea
823 1718 964 1792 estune,
980 1710 1040 1776 sed
1054 1713 1151 1779 trium
1240 1703 1245 1714 ’

60 1823 262 1902 potestatum
271 1815 385 1898 anima,
399 1837 507 1882 sermo
517 1815 707 1901 etspirati03
722 1817 765 1882 ita
780 1828 813 1884 et
819 1819 911 1886 Deus
919 1843 1002 1888 unus
1011 1829 1073 1905 est,
1086 1823 1149 1889 sed

60 1926 160 1991 trium
181 1947 407 2012 personarum,
429 1934 531 2012 pater,
552 1925 684 1992 verbum
702 1935 736 1990 et
753 1927 897 2013 spiritus,
922 1939 955 1996 et
975 1931 1028 1997 dio
1049 1933 1148 1998 menti

61 2047 155 2100 tuoe:
194 2035 232 2099 Si
256 2035 341 2099 euim
362 2035 476 2117 anima,
498 2054 581 2121 quae
603 2044 654 2100 est
675 2047 824 2103 creatura
841 2039 915 2122 Dei,
937 2039 1084 2106 similiter
1113 2051 1147 2107 et

60 2146 110 2210 sol
134 2153 188 2210 est
211 2145 306 2232 quasi
326 2145 423 2210 trium
445 2135 675 2232 personarum,
708 2147 736 2212 si
764 2156 878 2214 natura
901 2157 1008 2215 autem
1029 2173 1143 2218 eorum

58 2278 122 2322 una
145 2265 215 2335 ert3
237 2264 328 2320 tanto
351 2255 456 2342 magis
476 2257 568 2320 Deus
591 2265 720 2322 creator
732 2259 871 2325 omnium
888 2259 1020 2339 horum;
1042 2283 1144 2347 quare
1208 2275 1211 2282 '

59 2369 159 2455 igitur
181 2389 249 2430 non
274 2364 419 2452 sequitur
439 2387 534 2447 esse,
565 2365 611 2430 ita
632 2376 668 2432 ut
688 2369 731 2434 sit
752 2391 837 2434 unus
859 2378 892 2434 et
912 2369 1008 2436 trium
1028 2393 1142 2458 perso-

57 2483 198 2543 narum?
220 2477 271 2540 Ita
292 2475 440 2562 profecto
463 2475 577 2558 anima,
598 2498 707 2542 sermo
729 2488 764 2543 et
785 2481 918 2567 spiratio
940 2491 1008 2546 tres
1027 2504 1141 2567 perso-

58 2611 116 2652 nae
139 2595 233 2664 sunt;
264 2585 312 2650 sic
345 2608 428 2651 unus
448 2589 539 2652 Deus
570 2595 603 2650 et
623 2610 688 2651 non
709 2596 787 2652 tras.
830 2592 880 2655 Ita
900 2590 985 2656 enim
1005 2591 1035 2656 si
1055 2614 1141 2658 sem-

58 2721 115 2784 por
137 2696 342 2776 consideras,
363 2695 405 2760 de
420 2705 532 2760 sancta
545 2698 685 2762 trinitate
702 2720 863 2783 nunquam
877 2699 1011 2765 errabis.
1052 2701 1142 2766 Ecce

58 2808 140 2895 ignis
163 2827 250 2886 unus
273 2813 340 2886 est,
370 2805 429 2869 sed
450 2806 547 2870 trium
569 2815 781 2892 potestatum,
803 2807 868 2872 ista
887 2806 971 2874 euim
993 2819 1044 2876 est
1064 2831 1138 2899 per-

56 2941 134 2982 sona
154 2916 228 3004 igni
251 2913 406 3004 subjecta,
430 2917 615 2982 caleiactira
636 2926 743 2982 autom
756 2917 858 2982 virtus
873 2917 1136 3008 alterapersona,
1174 2938 1175 2942 ’
1238 2919 1243 2934 '

56 3027 236 3092 illuminans
253 3034 359 3089 autem
374 3025 453 3090 alio:
471 3049 548 3092 ecce
563 3027 662 3114 igitur
676 3023 768 3114 quasi
785 3037 852 3092 tres
868 3051 1029 3114 personae
1042 3032 1136 3099 unius
1239 3063 1244 3076 „

55 3139 155 3224 ignis,
178 3135 329 3202 videlicet
348 3136 452 3224 igniS,
481 3137 699 3202 calefactivum
721 3146 756 3202 et
782 3138 1040 3224 illuminativum,
1072 3164 1136 3210 uno

54 3258 160 3313 tomen
177 3254 293 3310 natura
307 3246 392 3332 ignis
408 3255 467 3310 est
510 3247 663 3312 Similiter
678 3257 711 3311 et
728 3247 761 3311 in
773 3248 846 3311 Deo
860 3249 960 3314 Pater
974 3261 1025 3316 est
1039 3253 1135 3337 iguiS,

52 3359 153 3422 Filius
171 3377 250 3420 vero
266 3356 494 3440 calefactivum,
516 3364 549 3422 et
564 3357 703 3445 Spiritus
721 3379 798 3421 vcro
817 3358 959 3423 Sanetus
977 3359 1133 3429 illumina-

52 3469 160 3532 tivum.
205 3467 250 3530 Et
278 3465 547 3551 quemadmodum
568 3468 600 3532 in
620 3467 697 3555 igne
724 3466 943 3532 calefactivum
965 3477 998 3535 et
1018 3471 1132 3536 illumi-

51 3579 192 3644 nativum
216 3575 351 3641 dicimus
372 3599 470 3642 unum
492 3585 524 3642 et
541 3601 605 3643 non
621 3585 704 3642 tres:
727 3577 821 3642 itaet
840 3577 873 3641 in
887 3576 960 3642 Deo
974 3587 1041 3646 tres
1057 3589 1132 3646 suut

51 3707 235 3774 personae,
267 3688 382 3751 Deum‘
395 3695 499 3751 antem
522 3707 623 3752 uuum·
641 3687 776 3752 dicimus
797 3695 831 3751 et
850 3709 916 3752 uon
938 3694 1006 3752 tres
1027 3691 1129 3756 Deos.

51 3801 91 3863 Et
114 3796 158 3860 de
173 3797 360 3882 cognitione
375 3807 506 3862 sanctae
523 3797 687 3863 Trinitatis
710 3798 788 3862 satis
803 3805 864 3879 est,
884 3797 964 3862 haec
983 3799 1128 3866 credere.

52 3911 170 3973 Sermo
201 3927 278 3971 vero
309 3907 446 3972 hominis
478 3907 638 3994 duplicem
667 3907 765 3973 habet
797 3908 972 3995 originem,
1003 3908 1128 3979 duobus

51 4020 134 4083 enim
167 4016 483 4104 pronunciationibus
512 4018 717 4104 producitur,
737 4041 801 4084 una
821 4019 862 4083 ab
883 4017 1005 4100 anima,
1027 4018 1128 4086 altera

51 4128 195 4194 aiabiis.
238 4125 434 4192 Producitur
456 4127 583 4215 quidem
607 4149 715 4192 sermo
737 4129 777 4192 ab
791 4128 905 4208 anima,
926 4127 1054 4214 quando
1070 4130 1126 4198 ali-

53 4239 122 4326 quis
144 4237 269 4324 cogitat
289 4236 407 4324 aliquid
422 4237 617 4324 exprimere:
638 4238 793 4326 cogitatio
811 4237 847 4300 fit
868 4243 941 4300 ente
962 4237 1123 4306 formatio-

50 4371 119 4414 nem
141 4347 314 4429 sermonis,
335 4349 483 4434 quoniam
505 4349 629 4434 cogitat
649 4370 841 4428 sermonem,
856 4355 892 4412 ut
912 4349 1069 4434 exprimat
1088 4350 1125 4416 ii-
