2916 5172
261 357 308 429 to
524 362 728 430 Gennadii
764 358 987 430 Confessio
1039 363 1064 430 1.

259 562 342 627 qnae
364 539 489 604 suntin
519 539 578 621 eis,
607 548 641 606 et
674 539 795 604 creavit
820 539 980 606 hominem
995 550 1042 610 ,et
1071 540 1181 629 posuit
1201 561 1276 608 eum
1298 542 1332 606 in

258 648 364 716 medio
386 646 537 735 paradisi,
566 647 721 713 ordinavit
751 669 824 714 eum
853 649 1010 735 imperare
1033 650 1178 715 omnibns
1200 651 1333 732 creatis,

257 768 291 823 et
313 757 455 823 habitare
476 758 507 822 in
536 757 686 844 paradiso
716 766 877 844 tamquam
897 759 997 824 Deus,
1039 758 1233 846 Adspiciens
1256 782 1333 825 eum

257 868 404 952 diabolus
424 867 535 934 invidit
555 866 701 956 dignitati
722 867 858 934 hominis
880 869 1102 956 contuluitque
1119 870 1249 953 homini,
1266 895 1335 936 ιιοιι

218 1023 223 1030 -
258 999 373 1066 parere
388 978 420 1063 ¹)
443 975 599 1043 mandatis
621 977 693 1042 Dei.
736 977 844 1040 Homo
873 985 980 1042 autem
1012 1001 1109 1066 quum
1130 984 1220 1044 <isset
1242 981 1333 1046 inex-

257 1097 368 1174 pertus
390 1086 555 1174 pravitatis
578 1086 705 1170 diaboli,
726 1087 832 1172 paruit
851 1087 988 1152 oonsilio
1010 1088 1145 1172 dioboli,
1166 1112 1231 1155 non
1253 1093 1335 1156 obe·

257 1197 348 1290 diens
369 1199 453 1280 Deo,
473 1205 508 1261 et
533 1195 757 1284 tunoaocepit
784 1205 921 1266 mortem
949 1197 1046 1262 homo
1075 1199 1211 1284 peccati,
1234 1223 1334 1288 quom

259 1330 371 1391 omnes
394 1307 448 1394 qni
469 1307 509 1372 ab
530 1306 659 1372 homine
681 1306 736 1371 iilo
758 1315 833 1372 sunt
854 1307 930 1387 nati,
952 1307 1024 1395 quia
1042 1318 1241 1394 aeceperunt
1254 1333 1333 1396 peo-

257 1426 398 1483 ootumo
417 1415 613 1503 parentibus,
634 1422 667 1481 et
685 1417 837 1482 tenebant
849 1417 931 1483 hanc
949 1425 1085 1482 mortem
1097 1427 1130 1483 et
1146 1417 1333 1486 dominabo-

257 1536 310 1593 tur
339 1527 369 1591 in
402 1526 449 1590 eis
477 1533 655 1613 peccatum.
705 1526 749 1592 Et
780 1533 915 1614 propter
942 1526 1102 1592 hominem
1130 1528 1216 1592 misit
1238 1531 1331 1596 Deus

258 1636 452 1722 ProphetoS‚
475 1634 629 1700 doctores
648 1635 682 1700 in
704 1634 867 1715 mundum,
889 1645 924 1701 ut
945 1636 1099 1702 docerent
1117 1637 1277 1718 hominen,
1297 1649 1333 1705 ut

258 1771 278 1812 o
299 1751 435 1832 peccato
456 1743 727 1838 converterentur.
769 1747 843 1810 Non
861 1753 1034 1833 potuerunt
1049 1733 1129 1812 ¹voro
1151 1749 1332 1836 prophetoe

259 1854 426 1943 corrigere
440 1876 499 1918 eos
514 1861 547 1920 et
560 1863 733 1941 propterea
746 1855 824 1921 tolia
839 1863 950 1920 secum
964 1854 1042 1933 dixit
1056 1857 1163 1922 Deus:
1184 1859 1331 1925 Descen-

259 1966 333 2032 dam
352 1973 386 2030 et
403 1963 531 2030 induam
545 1987 597 2028 me
614 1971 710 2029 ‘earne
721 1974 754 2030 et
761 1964 874 2031 fiomin
884 1965 987 2030 formo
1001 1965 1136 2032 hominis'
1152 1975 1185 2032 et
1203 1967 1331 2034 docebo

259 2083 439 2141 ereaturam
460 2096 574 2158 meam,
593 2083 629 2140 ut
648 2082 853 2140 convertatur
873 2068 1193 2161 n‘oonsiiiodiaboli,
1215 2075 1333 2144 eterit

260 2186 363 2251 omnis
385 2183 485 2249 homo·
503 2192 666 2270 tamquam
694 2183 783 2250 Deus
812 2207 876 2252 ιιοιι
896 2184 1072 2251 seeundum
1093 2197 1249 2272 naturam,
1271 2189 1333 2256 sed

259 2293 437 2360 secundnm
457 2292 741 2379 participationem.
777 2295 821 2360 Et
834 2294 898 2359 hoo
919 2293 1017 2359 voluit
1029 2297 1119 2360 Deus
1135 2305 1231 2383 pater
1248 2300 1333 2366 bona

259 2405 477 2470 voiuntate‘et
497 2402 725 2489 cooperatione
754 2403 885 2490 spiritus
907 2405 1025 2470 sanoti:
1056 2405 1225 2472 deseendit
1246 2409 1333 2474 filius

260 2524 315 2583 out
334 2515 465 2580 verbum
485 2512 557 2596 Dei,
579 2520 613 2576 et
633 2513 801 2600 ingressus
832 2523 883 2578 est
901 2537 1015 2600 puram
1038 2524 1071 2579 et
1098 2514 1333 2595 immaculatum

259 2625 427 2715 virginem,
447 2631 480 2688 et
498 2622 642 2711 suscepit
660 2610 799 2706 carnem,
816 2632 849 2688 et
863 2621 967 2688 homo
979 2624 1083 2691 iaetus
1097 2634 1155 2690 est
1168 2635 1201 2690 et
1214 2636 1343 2712 postea·

261 2759 301 2802 ex
322 2743 414 2798 utero
437 2732 569 2820 virginis
591 2753 747 2819 egressus
769 2743 977 2800 conversatus
990 2743 1050 2800 -est
1063 2737 1096 2802 in
1116 2735 1236 2800 mundo
1259 2759 1334 2802 oum

157 2883 163 2891 ι
259 2843 439 2910 hominibus
458 2851 498 2906 ut
514 2842 621 2924 homo,
642 2852 675 2906 et
695 2844 873 2908 nominatus
896 2854 945 2911 est
962 2844 1120 2927 Christus,
1142 2845 1195 2932 qui
1217 2844 1331 2912 docuit

260 2952 406 3020 homines
429 2951 512 3016 viam
539 2951 691 3016 veritatie
712 2953 799 3016 olste
830 2963 881 3018 est
903 2954 1050 3020 Christus
1083 2954 1168 3021 filius
1197 2963 1231 3018 et
1245 2978 1333 3020 -ver-

261 3065 337 3133 bum
356 3061 437 3144 Dei,
464 3081 593 3127 sumens
615 3081 755 3144 carnem,
785 3063 838 3128 oui
857 3063 1004 3134 contenit
1025 3064 1129 3152 gloria
1151 3073 1184 3130 et
1203 3064 1276 3130 laus
1300 3065 1333 3132 in

261 3171 391 3242 saecula
412 3171 622 3240 saeculorum.
664 3171 776 3238 Amen.

262 3331 467 3351 ...ι-ιιι...-
507 3326 510 3334 ¹

267 3441 269 3468 s
297 3419 324 3488 1)
341 3417 422 3474 Liber
435 3417 545 3474 vitiose:
571 3433 671 3490 parare.
