2896 5180
469 405 794 516 Prolegomenass

499 657 705 764 sv-

173 841 269 898 Ferte
292 853 365 895 vero
389 853 444 894 nec
469 833 617 891 irnmmito
640 833 720 890 hanc
744 833 966 892 contessionem
991 833 1088 894 oculis
1111 853 1181 912 per·
1212 804 1214 808 7

81 951 224 1010 lustrans
247 947 385 1020 mireris,
409 947 460 1021 qui
483 945 598 1004 lactum
622 945 671 1018 sit,
693 947 729 1002 ut
751 944 888 1004 Graecae
910 945 1033 1024 linguae
1055 948 1182 1008 mirilico
1248 961 1250 965 “

81 1063 233 1119 venustas
255 1063 320 1118 tam
344 1057 444 1115 subito
474 1055 513 1113 ad
537 1056 616 1114 hanc
648 1073 709 1114 non
732 1055 973 1114 mediocritatem
997 1056 1051 1116 sed
1072 1060 1182 1119 verbo-

82 1191 154 1230 rum
178 1189 216 1230 ac
238 1170 405 1229 formarum
428 1167 611 1244 farraginem
643 1165 829 1225 defloruerit.
874 1165 933 1240 Qui
966 1167 1045 1224 enim
1076 1170 1181 1244 paullo

83 1285 160 1340 ante
181 1265 403 1354 rixitCyrillus
425 1278 562 1350 Lucanis,
584 1277 627 1336 ita
646 1275 764 1336 Graece
788 1277 920 1350 scripsit,
942 1279 978 1334 nt
1000 1281 1083 1338 certe
1108 1283 1181 1356 quid

83 1393 160 1452 velit
189 1391 335 1451 facillime
368 1387 530 1466 intelligas.
574 1387 616 1446 At
647 1390 754 1445 contra
790 1385 882 1462 hujus
914 1385 1009 1446 libelli
1039 1395 1181 1452 auctores

83 1503 197 1560 mirum
228 1503 376 1575 qnantum
405 1487 618 1557 ahhorrent‘a
650 1498 784 1573 puritate
813 1497 944 1576 linguae.
997 1498 1063 1558 Non
1102 1505 1181 1564 enim

85 1612 188 1671 solnm
218 1613 360 1688 proprias
397 1610 512 1668 habent
547 1609 709 1668 verborum
738 1611 927 1681 structuras,
965 1610 1058 1670 veluti
1088 1631 1181 1690 quum

86 1721 295 1799 praecedente
317 1723 396 1796 part.
420 1723 467 1776 tvo
489 1739 527 1778 na
543 1719 728 1778 Infinitirnm
749 1718 871 1794 quidem
893 1737 1009 1794 ponere
1031 1722 1181 1801 dubitant,
1228 1777 1231 1784 .

87 1835 145 1892 sed
166 1851 261 1892 novas
291 1835 323 1890 et
353 1831 505 1890 inauditas
534 1830 648 1889 formas
676 1831 845 1907 usurpant,
874 1831 909 1886 nt
930 1831 1026 1900 τινὰς,
1053 1831 1181 1904 οὐδένας,

88 1963 166 2002 nora
188 1941 340 2002 vocabula
362 1941 570 2014 fabricantur,
598 1944 633 1999 ut
654 1948 775 2013 τέτοιος,
801 1948 935 2018 adactor,
961 1948 1025 2020 dod,
1048 1945 1080 2001 ct
1103 1945 1182 2002 anti-

88 2043 222 2129 quisita
245 2054 431 2125 abutuntur,
452 2054 487 2109 nt
509 2069 587 2111 nora
611 2069 716 2110 eorum
740 2051 858 2125 species
883 2052 1024 2126 exsistat,
1047 2071 1082 2112 ex
1104 2065 1201 2129 qno-'

87 2180 155 2222 rum
186 2181 302 2242 genere
334 2166 366 2222 et
395 2164 504 2239 partic.
527 2163 558 2220 in
580 2193 622 2206 -
644 2181 734 2225 ωντας
750 2189 785 2202 ·-
803 2183 887 2227 οντας
908 2165 940 2220 et
966 2163 1060 2222 rerba
1089 2165 1119 2222 in
1140 2177 1190 2210 -'

88 2294 150 2332 nvn
172 2275 264 2347 sunt,
289 2291 382 2334 noras
403 2273 543 2332 tribuunt
563 2274 663 2332 verbis
685 2270 940 2350 significationes,
972 2265 1065 2332 veluti
1088 2287 1182 2350 quum

89 2386 200 2464 partic.
223 2383 303 2442 nene
325 2383 416 2443 mede
437 2400 495 2459 pro
518 2385 668 2460 proposit.
684 2383 775 2442 modo
798 2401 855 2460 pro
872 2391 1011 2461 proaem.
1028 2384 1181 2447 distribut.

90 2497 180 2556 modo
203 2512 263 2572 pro
286 2493 397 2570 adject.
422 2492 565 2553 habeant.
609 2493 696 2552 Haec
717 2495 828 2569 omnia,
853 2515 932 2570 quae
954 2495 1037 2555 facili
1058 2501 1190 2576 negotio

89 2611 229 2684 poteram
247 2607 290 2664 ita
312 2621 435 2684 augere,
459 2606 495 2662 nt
515 2604 633 2662 lexicon
658 2606 689 2662 et
710 2606 937 2681 grammaticam
955 2621 1182 2682 componerem,

89 2719 238 2778 lectorem
267 2717 385 2775 terrent
414 2715 525 2793 magis
542 2731 632 2788 qnam
668 2713 815 2773 alliciant.
858 2713 1032 2775 Difficultas
1061 2719 1183 2792 crescit,
1241 2763 1253 2791 ,

91 2847 184 2905 quum
206 2827 352 2886 nontam
374 2843 501 2904 pravum
532 2823 651 2891 meandi
682 2841 779 2903 genus
808 2823 947 2884 videatur
975 2845 1061 2901 esse,
1091 2845 1183 2904 quam

92 2957 168 2998 nora
190 2936 359 3010 disiectus,
394 2937 482 3012 cujus
513 2935 638 3011 propria
666 2953 724 2994 nec
746 2935 843 2996 lexico
865 2936 929 2996 ullo
952 2955 1009 2997 nec
1032 2951 1183 3018 gramma-

91 3055 151 3110 tica
173 3049 276 3110 adhuc
299 3048 453 3124 descripta
477 3046 591 3105 videas.
634 3045 697 3106 Nec
722 3047 801 3106 enim
817 3044 987 3123 Dufreshii
1007 3067 1065 3109 nec
1087 3052 1183 3111 multo

90 3164 190 3224 minus
212 3159 342 3222 Sulceri
372 3157 490 3216 lexicon
523 3154 562 3214 ad
590 3155 740 3214 vocabula
771 3161 835 3214 turn
866 3174 945 3217 nora
973 3162 1038 3218 tum
1067 3166 1187 3222 mutata

91 3265 159 3332 tnm'
178 3271 266 3332 novis
291 3267 563 3348 significationibus
593 3265 733 3341 praedita
757 3265 877 3325 facilins
899 3269 1097 3350 intelligenda
1119 3274 1185 3333 suf·

92 3384 165 3461 ficit,
187 3385 231 3441 ita
253 3382 298 3453 nt,
321 3380 372 3454 qni
395 3381 481 3436 tanta
504 3378 586 3436 esset
607 3376 740 3436 lectione
761 3379 908 3453 tantaque
930 3381 1126 3460 assiduitate,
1149 3389 1186 3446 ut
1296 3374 1299 3381 ¹

91 3497 214 3556 illerum
248 3489 401 3550 thesauris
436 3486 589 3546 exhaustis
623 3505 734 3547 novum
765 3491 796 3582 et
823 3489 949 3549 ebenus
983 3509 1078 3568 opus,
1111 3509 1188 3572 quo,

93 3609 295 3686 quaecunque
327 3591 541 3660 aGraecitate
571 3599 787 3673 abhorrerent,
820 3598 982 3680 diligenter
1014 3607 1185 3681 composita

93 3719 196 3777 essent
219 3717 251 3773 et
271 3713 302 3770 in
326 3709 449 3770 ordines
479 3708 620 3783 redacta,
651 3728 775 3769 exarare
804 3710 952 3785 voluerit3
985 3713 1010 3772 is
1042 3715 1184 3790 profecto
1236 3706 1238 3712 ἲ

93 3829 127 3890 de
150 3830 212 3886 ista
234 3825 341 3902 lingna
363 3824 394 3880 et
416 3821 621 3880 recentiorum
645 3819 834 3882 Graecorum
859 3822 981 3899 placitis
1004 3825 1185 3908 theologicis

93 3941 204 4016 optime
228 3933 383 3994 meruerit.
427 3933 484 3991 Est
506 3932 585 3990 enim
606 3919 666 3991 ¹ista
689 3933 774 4006 quasi
797 3933 905 4007 media,
922 3952 979 3993 nec
1001 3937 1104 4011 prisca
1127 3959 1185 4000 nec

93 4049 143 4107 illa
165 4064 296 4119 recens,
319 4063 380 4120 qua
403 4061 484 4102 nunc
506 4045 636 4101 utentur
659 4029 768 4102 Gracci
776 4063 786 4118 3
809 4045 900 4104 mixta
919 4041 1028 4124 igitur,
1058 4053 1186 4112 Πρω.

95 4164 171 4220 atate
192 4174 266 4217 rere
290 4155 386 4234 magis
410 4174 500 4230 quam
524 4174 541 4214 a
564 4155 680 4214 recenti
702 4153 833 4232 linguae·
848 4154 947 4214 forma
969 4156 1085 4234 aliena,
1108 4181 1191 4238 qua-x

93 4269 152 4330 lam
173 4271 251 4328 tunc
273 4266 420 4342 temporis
444 4265 563 4326 Graece
587 4264 749 4340 loquentes
771 4265 948 4326 formarent.
994 4272 1093 4345 Quam
1116 4276 1184 4348 qni-

95 4379 161 4440 dam
184 4383 295 4439 auctor
316 4376 517 4436 confessionis
541 4395 601 4435 non
625 4394 661 4435 eo
686 4377 796 4453 elegit,
828 4377 914 4450 quasi
944 4383 1058 4439 rectius
1074 4383 1183 4442 dicere
