2896 5180
287 385 360 432 xxx
641 365 960 460 Prolegomeua.

287 547 363 608 aluit
385 551 416 607 et
438 549 635 624 sustentavit,
666 551 741 610 elios
767 549 923 612 literarum
948 555 1132 612 commercio
1153 553 1209 612 sibi
1233 553 1387 622 eoncilia-

287 661 338 718 vit.
381 660 514 748 Restant
535 660 592 720 hae
616 660 763 738 epistolae
784 661 933 738 plurimae
956 683 974 722 a
997 663 1112 738 Cyrillo
1134 663 1224 724 datae
1246 666 1276 724 in
1303 665 1385 725 libro

288 769 449 845 aliquoties
472 772 584 829 citato:
607 771 736 850 Lettrcs
759 774 927 832 anecdotos
950 776 1020 847 etc,
1043 773 1132 851 cujus
1155 778 1263 854 auctor
1284 777 1386 839 luisse

287 880 386 940 fertur
412 883 546 958 Aymon,
583 881 708 940 ineunte
738 883 861 942 saeculo
889 884 1001 943 XVIII.
1033 883 1116 960 apud
1149 884 1385 946 Greuoblenses
1435 923 1436 928 κ

288 1009 375 1050 saera
395 1007 518 1052 curans.
562 991 683 1052 Exstitit
712 992 762 1052 hic
794 1013 829 1054 ex
857 995 997 1054 omnibus
1027 994 1134 1070 cyrilli
1165 995 1385 1060 defensoribus

286 1101 377 1178 longe
401 1103 579 1175 acerrimus,
602 1101 657 1162 sed
678 1105 713 1162 ut
735 1123 771 1163 ex
793 1105 896 1165 multis
919 1105 1039 1179 elucet,
1062 1125 1168 1166 omues
1190 1107 1384 1166 moderatio·
1435 1145 1436 1170 1

286 1215 332 1271 nis
362 1215 508 1272 terminos
535 1215 754 1290 transgressus.
796 1215 867 1276 Hoc
894 1219 966 1275 vero
997 1217 1138 1275 meritum
1168 1217 1225 1274 sibi
1247 1221 1382 1294 pararit,

286 1323 369 1401 quod
390 1325 505 1400 scripta
525 1323 608 1381 haud
629 1342 746 1400 pauca,
769 1345 847 1403 quae
870 1326 1005 1385 nondum
1027 1327 1128 1386 lucem
1151 1326 1316 1402 viderunt,
1350 1331 1381 1387 in
1435 1321 1436 1324 ¹

181 1483 183 1487 ,
284 1436 393 1514 vulgus
418 1434 521 1494 edidit.
566 1434 706 1510 Apparet
735 1455 771 1494 ex
800 1437 867 1514 ejus
891 1455 984 1514 opere
1017 1431 1073 1516 (p.
1092 1434 1187 1512 lh),
1219 1436 1381 1514 Cyrillum,

281 1565 379 1623 quum
400 1543 602 1604 Alexandriae
625 1544 766 1624 degeret,
789 1547 892 1608 literas
916 1547 1157 1630 communicasse
1181 1567 1251 1608 curu
1275 1551 1380 1610 Geor-

246 1641 272 1742 ¹,
282 1658 336 1736 pio
357 1655 472 1732 Actor,
493 1655 752 1734 Archiespiscopo
775 1657 987 1720 Cantuariensi
1009 1651 1095 1737 (vixit
1119 1654 1253 1731 1562—
1268 1656 1379 1736 1633).

194 1791 196 1796 ·
286 1767 349 1828 Sed
369 1787 405 1826 ex
424 1785 487 1824 nna
507 1766 566 1830 hae
589 1767 735 1843 epistola,
768 1787 847 1843 quae
871 1771 968 1828 exstat
998 1767 1083 1844 apud
1103 1767 1293 1842 hymenem,
1327 1787 1379 1828 se-

283 1879 406 1954 quitur,
439 1875 544 1952 plures
565 1875 630 1952 jam
651 1877 732 1935 inter
758 1879 922 1952 utrumque
946 1880 1053 1938 missas
1076 1878 1182 1938 fuisse.
1226 1879 1378 1955 Loquitur

286 1990 365 2048 euim
378 1986 510 2063 Cyrillus
533 2005 564 2064 p.
584 1973 635 2046 46.
658 1986 695 2046 dc
710 1987 839 2058 Abbatis
861 2007 1025 2064 responso,
1040 1987 1129 2065 cujus
1141 1988 1311 2065 Jacobique
1327 2009 1378 2048 re-

282 2107 330 2186 gis
351 2100 429 2160 votis
452 2097 692 2171 obsecundatum
716 2115 749 2156 se
771 2116 853 2157 nunc
876 2099 1009 2158 nobilem
1033 2103 1063 2158 et
1080 2099 1203 2176 doctum
1219 2099 1376 2176 juvenem,

257 2211 521 2288 :Metrophanem
559 2207 750 2281 Critopalnm
787 2207 827 2266 ad
868 2209 1074 2270 occidentales
1115 2210 1252 2284 mittere,
1294 2229 1376 2269 anno

257 2341 260 2348 ⁴
285 2321 367 2386 1616
385 2318 430 2398 Ῑ).
473 2318 580 2378 Exstat
602 2317 679 2376 hacc
701 2321 732 2376 et
754 2317 851 2378 altera
866 2318 896 2395 2)
919 2320 1068 2396 quaedam
1091 2317 1221 2396 epistola
1242 2319 1274 2377 in
1284 2319 1375 2378 Pauli

284 2432 448 2498 Colomesii
461 2429 541 2506 Cpp.
557 2426 680 2504 paon,
702 2429 755 2489 ubi
778 2431 868 2490 etiam
882 2431 1115 2508 Archiepisoopi
1133 2413 1316 2506 responsum
1329 2429 1374 2504 3).

281 2607 513 2633 ..........---

278 2707 279 2712 ’
349 2679 384 2773 1)
399 2698 495 2755 Paullo
520 2701 582 2748 ante
605 2694 710 2749 videtur
736 2695 846 2768 Cyrillus
871 2705 981 2767 propter
1007 2697 1101 2751 itinera
1126 2713 1160 2750 ex
1176 2694 1301 2764 Aegypto
1326 2695 1373 2748 ab·

281 2789 380 2852 luisse,
405 2784 495 2838 scribit
510 2783 595 2850 enim,
620 2798 651 2848 se
669 2782 793 2850 Aegypto
810 2796 876 2834 suae
893 2781 1056 2849 redditum,
1083 2798 1149 2852 pace
1173 2779 1302 2834 fruentem
1320 2780 1373 2833 hoe

280 2871 381 2925 habere
399 2866 533 2930 officium,
553 2876 579 2920 ut
597 2865 679 2920 srdem
697 2882 746 2936 per
763 2864 852 2918 literas
870 2865 1081 2936 Arclriepiseopo
1099 2865 1251 2918 adstrictam
1270 2864 1373 2918 liberet.

281 2957 346 3010 Sine
364 2929 444 3008 dubio
463 2953 488 3004 iu
506 2952 642 3004 visitandis
661 2951 778 3004 ecclesiis
798 2957 942 3018 occupatus
960 2951 1053 3004 suerat.

347 3049 379 3120 2)
404 3045 479 3099 Haec
505 3037 567 3097 data
585 3052 626 3098 est
644 3041 875 3112 Constantinopoli
893 3045 985 3109 1627„
1013 3042 1111 3111 inqua
1137 3051 1164 3097 et
1183 3041 1298 3107 Jacobi,
1319 3057 1372 3094 nou

279 3137 366 3190 miuus
384 3127 541 3203 philosophi
563 3145 642 3198 quam
658 3131 729 3200 regis
752 3129 852 3182 obitum
877 3127 1020 3196 deplorans
1048 3129 1147 3198 optima
1167 3141 1290 3196 quaeqae
1316 3125 1372 3194 ejus

280 3217 430 3272 successori
457 3215 571 3280 Carolo,
595 3215 683 3268 vivam
705 3213 880 3283 undequaque
903 3211 1042 3280 imaginem
1073 3222 1209 3282 paternam
1230 3211 1372 3276 redolenti,

280 3311 363 3374 optat.
399 3299 542 3356 Oratorem
560 3303 697 3372 Anglicum
720 3308 774 3354 tum
792 3296 828 3351 ad
845 3291 956 3350 Portam
974 3303 1124 3350 versantem
1147 3297 1287 3352 Thonrum
1309 3297 1372 3352 Boe

273 3391 341 3446 dicit
361 3388 538 3444 dulcissimum
561 3403 636 3440 suum
656 3388 778 3452 amicum,
798 3382 928 3437 fautorem
946 3390 974 3435 et
991 3389 1139 3450 patronum.
1174 3381 1219 3436 De
1237 3381 1322 3439 lihrr's
1339 3384 1372 3438 ab

272 3473 444 3545 Archiepisc.
462 3471 717 3544 Constantinopolin.
733 3469 820 3522 missis
843 3469 920 3521 etiam
944 3483 977 3521 ex
993 3464 1035 3518 his
1054 3466 1135 3520 literis
1151 3476 1266 3522 constat.
1302 3465 1373 3520 Mox

273 3581 346 3628 ‚vero
367 3561 411 3614 ille
425 3559 517 3615 Abbot
538 3573 646 3610 munere
668 3555 787 3626 dejectus
809 3553 835 3606 in
851 3553 943 3606 urbem
965 3551 1077 3621 patriam
1097 3549 1244 3620 Gntlsord,
1263 3553 1372 3606 eomita-

279 3661 321 3704 tus
339 3648 441 3716 Sorry,
459 3661 490 3696 se
505 3642 612 3711 recepit,
633 3641 728 3694 deiude
742 3641 768 3692 iu
786 3654 874 3692 arcem
894 3636 1039 3708 Croydon‚
1057 3636 1101 3690 ubi
1120 3636 1189 3690 diem
1205 3653 1281 3690 suum
1297 3638 1373 3692 obiit.

273 3779 276 3785 .
343 3742 371 3808 3)
389 3739 557 3807 Responsum
577 3734 725 3788 detumeat
745 3730 871 3786 Laudine
894 3730 929 3783 ad
952 3729 1069 3800 priorem
1086 3727 1173 3798 Cyrilli
1200 3729 1276 3800 epist.
1294 3735 1370 3788 1517.

279 3829 429 3884 Gratulatus
450 3821 541 3875 Abbot
563 3820 743 3889 Aegyptiacae
767 3816 894 3871 eeclesiae
917 3815 1103 3884 sempiternam
1129 3814 1261 3883 quietern,
1282 3816 1372 3869 caveri

274 3917 350 3988 jubet
372 3913 406 3966 ab
425 3905 566 3966 emissariis
588 3903 645 3956 istis
667 3903 849 3968 novatoribus,
869 3898 1043 3954 Christianam
1064 3901 1203 3954 veritatem
1222 3900 1323 3969 pariter
1338 3918 1371 3954 ac

277 4003 422 4056 libertatem
438 3992 561 4048 cuniculis
583 3988 796 4058 oppugnantibus
818 3995 845 4039 et
862 3983 1157 4055 pseudomonachorum
1181 3984 1372 4040 turbaremus

271 4106 295 4140 ,ε
309 4086 418 4156 figulina
439 4077 632 4152 prodeuntium,
650 4068 879 4128 intemerandam
903 4073 1059 4136 servatoris
1082 4085 1229 4138 cognomen
1252 4069 1302 4124 sibi
1329 4088 1372 4124 ar·
1435 4131 1436 4136 ἵ

277 4169 434 4241 rogantium.
471 4163 610 4218 Collaudat
631 4177 706 4215 suum
727 4171 817 4225 regern
840 4163 894 4206 turn
915 4153 950 4208 ab
973 4153 1081 4207 assidua
1103 4156 1259 4208 concionum
1280 4172 1371 4210 saera·
1434 4165 1436 4246 j

277 4275 333 4313 rum
351 4251 509 4326 praeseutia,
526 4259 581 4319 tum
597 4265 614 4299 a
630 4243 781 4312 theologica
802 4239 1019 4310 doctriua,quae
1034 4248 1107 4295 tauta
1124 4241 1168 4300 sit,
1188 4248 1216 4294 ut
1234 4241 1317 4294 multa
1334 4241 1372 4294 de
1435 4251 1436 4300 ς

275 4361 307 4398 re
320 4338 403 4398 theol.
427 4334 529 4390 calamo
548 4335 621 4405 regio
646 4336 768 4387 accurate
791 4326 907 4382 exararit
931 4325 966 4380 ad
986 4323 1070 4382 fldem
1086 4325 1264 4380 orthodoxam
1286 4334 1372 4380 statu.
