2916 5172
346 485 551 554 Gennadil
592 481 818 554 Confessio
869 485 895 552 l.
1131 475 1158 562 ’3

74 675 161 748 luca,
181 664 301 748 Pater,
321 662 424 730 Filius
454 670 487 728 et
514 662 654 749 Spiritus
685 663 835 728 Sanctus.
878 663 927 732 Ex
954 665 1004 732 his
1033 670 1156 753 poteris

73 775 282 862 intelligere,
314 770 434 861 quod„
451 771 720 859 quemadmodum
752 781 828 838 sunt
860 773 891 842 iu
919 775 990 840 sole
1017 778 1078 844 tria
1111 779 1157 846 di·

72 885 218 966 stincta,
248 885 292 949 ita
320 891 428 949 estet
455 903 538 948 unus
560 884 651 948 Deus
673 881 769 948 trium
795 905 1018 971 personarum.
1059 889 1158 956 Pater

75 1007 131 1060 est
154 995 228 1082 ipse
251 1017 371 1081 eorpus
394 993 519 1074 solere,
541 991 644 1058 Filius
668 1002 775 1058 antem
796 1003 848 1058 est
869 993 996 1076 radiae,
1018 996 1158 1083 Spiritus

76 1107 225 1174 Sanctus
247 1113 299 1170 est
326 1104 433 1170 lumen
463 1101 554 1168 solis.
604 1101 663 1171 Et,
679 1103 764 1200 sieut
794 1101 827 1168 iu
858 1105 929 1169 sole
955 1115 1008 1172 est
1038 1129 1158 1195 eorpus

76 1215 214 1296 solare,
243 1225 294 1280 est
316 1212 424 1279 radius
448 1221 482 1277 et
502 1193 627 1306 lumen,
656 1221 690 1284 et
712 1221 818 1277 tormen
840 1235 922 1278 unus
944 1217 1012 1298 ιοΙ,
1042 1227 1075 1282 et
1095 1241 1159 1286 nou

78 1335 168 1404 tres;
184 1324 332 1390 similiter
354 1331 388 1386 et
401 1322 432 1388 iu
453 1323 525 1388 Deo
547 1319 660 1404 Pater,
676 1319 787 1410 Filius,
802 1330 835 1386 et
856 1323 996 1411 Spiritus
1020 1326 1159 1394 Sanctus

78 1457 166 1500 unus
196 1435 288 1500 Deua
317 1443 351 1498 et
379 1455 444 1498 uon
471 1438 539 1495 tres
554 1429 631 1498 ¹Dii.
673 1431 811 1516 Insuper
838 1431 891 1500 dic
922 1434 982 1498 sic.
1024 1435 1161 1515 Quando

80 1543 266 1612 substantia
287 1543 367 1608 solis
389 1550 422 1606 et
443 1538 552 1606 radius
575 1548 608 1604 et
627 1540 734 1606 luruen
761 1562 824 1608 non
846 1542 981 1608 invicem
1009 1564 1161 1631 separan-

79 1665 155 1738 tur,
184 1661 361 1741 propterea
389 1649 505 1716 dieitur
525 1669 608 1716 unus
635 1650 704 1733 sol,
731 1659 764 1715 et
787 1674 851 1718 non
878 1661 966 1746 tres,
995 1654 1070 1742 quia
1098 1679 1163 1722 uon

81 1773 280 1852 separantur
300 1763 341 1828 ab
359 1760 510 1838 invicem3
534 1768 567 1824 et
585 1759 854 1846 quemadmodum
876 1764 1055 1832 substantio
1080 1767 1162 1834 solio

82 1873 239 1962 producit
267 1871 394 1952 radios,
410 1876 442 1934 et
464 1892 483 1934 o
505 1868 576 1934 sole
604 1878 637 1934 et
664 1869 764 1936 radiis
794 1871 942 1956 procedit
970 1874 1097 1942 lumen:
1119 1877 1164 1944 ite

84 1993 179 2072 pater
204 1991 341 2071 generat
367 1980 466 2046 filium
488 2000 547 2045 eeu
569 1980 700 2046 rerbmn
722 1979 793 2068 ejus
815 1988 848 2046 et
869 1961 893 2046 a*
908 1983 1007 2050 Patre
1027 1995 1061 2050 et
1079 1987 1164 2053 Filio

85 2093 239 2182 procedit
264 2090 412 2177 ¹Spiritus
443 2089 593 2154 SanetuS.
644 2087 698 2154 Sis
729 2088 827 2176 igitur
858 2099 997 2158 attentus
1030 2117 1163 2181 qnaesoo

87 2202 187 2286 Quod
215 2201 300 2268 sieut
320 2199 429 2266 radius
462 2198 541 2264 solis
563 2197 731 2264 descendit
751 2197 794 2264 de
814 2198 908 2264 coelo
930 2200 972 2268 ad
993 2212 1120 2269 terram
1133 2217 1167 2272 et

85 2337 106 2379 a
128 2333 273 2399 corpore
301 2309 399 2376 solari
430 2331 495 2376 nou
524 2315 711 2394 separatur,
740 2317 773 2373 et
793 2331 897 2398 neque
918 2333 938 2376 a
958 2313 1052 2378 coelo
1074 2315 1168 2383 abest

87 2443 237 2510 nequeo
260 2431 364 2502 terra,
386 2419 447 2485 aed
476 2427 527 2484 est
555 2418 587 2484 in
616 2440 757 2504 corpore
778 2419 877 2486 solari
898 2430 932 2486 et
954 2422 986 2489 in
1008 2425 1113 2509 coelo,
1134 2427 1167 2493 in

88 2543 179 2600 terra
199 2539 234 2595 ct
255 2530 382 2616 ubique,
404 2552 508 2617 neque
530 2549 659 2594 sursum
683 2550 788 2615 neque
811 2528 964 2596 deorsum
987 2521 1096 2613 abest}
1124 2537 1169 2606 ite

90 2656 125 2709 et
151 2641 240 2708 filius
267 2662 328 2706 seu
355 2640 487 2706 verbum
513 2638 577 2704 Dei
605 2636 774 2703 descendit
801 2638 834 2708 iu
862 2647 981 2707 terram
1001 2651 1036 2708 et
1064 2666 1169 2732 neque

94 2778 113 2820 a
137 2760 233 2841 patre
254 2751 364 2830 abest,
385 2770 489 2836 neque
511 2771 530 2814 a
551 2747 665 2829 eaelo,
686 2768 790 2833 neque
811 2770 830 2813 a
851 2756 954 2832 terre,
975 2750 1036 2817 eed
1055 2751 1116 2818 suit
1136 2765 1170 2821 et

91 2883 234 2950 semper·
254 2869 306 2925 cst
333 2857 513 2946 ingramio
541 2856 658 2944 patris,
686 2855 907 2943 inseparabilis
930 2867 963 2925 et
984 2883 1112 2930 sursum
1136 2875 1170 2931 et
1241 2883 1245 2898 ¹

90 2973 249 3040 deorsum
278 2969 396 3056 ubique
425 2977 458 3033 et
486 2989 643 3055 nusquam
675 2965 778 3034 deest.
829 2968 873 3034 Et
900 2970 1170 3057 quemadmodum

92 3092 146 3149 est
174 3083 283 3148 lumeu
309 3079 418 3144 solare
439 3087 473 3144 et
495 3077 689 3164 incorpore
720 3077 820 3144 solari
849 3080 942 3147 etin
971 3080 1063 3149 radio
1083 3094 1118 3150 et
1139 3085 1172 3152 in

92 3193 189 3261 coelo
221 3200 255 3258 et
281 3191 313 3258 iu
340 3191 429 3254 'terra
457 3195 490 3252 et
508 3186 699 3276 ingreditur
734 3189 888 3257 interiore
923 3189 1039 3259 domno
1073 3203 1107 3260 et
1136 3217 1173 3260 o*

93 3303 182 3371 mnia
203 3301 367 3380 illuminat,
387 3296 431 3362 ita
453 3306 487 3362 et
507 3297 648 3384 Spiritus
663 3298 802 3364 Sanctus
823 3298 942 3387 ubique
963 3311 997 3368 et
1016 3325 1090 3369 cum
1109 3303 1174 3372 Pe·

96 3424 204 3480 treet
235 3431 308 3478 cum
327 3407 412 3475 Filio
442 3415 493 3472 est
515 3429 644 3474 sursum
672 3419 706 3473 et
729 3407 888 3474 deorsum
916 3419 949 3476 et
976 3434 1089 3479 omnes
1116 3413 1176 3480 no-

97 3523 204 3590 mines
231 3519 386 3586 illuminat
413 3526 446 3584 et
476 3517 584 3584 nullibi
610 3518 715 3585 deest.
759 3517 899 3604 Spiritus
931 3520 1034 3604 enirn,
1068 3531 1104 3587 ut
1132 3522 1177 3588 ait

98 3632 235 3714 Paulus,
258 3628 353 3696 etiam
377 3625 507 3714 inquirit
530 3636 563 3694 et
583 3625 818 3716 profunditates
838 3627 911 3694 Dei.
927 3629 959 3714 2)
1001 3629 1089 3696 Ecce
1115 3629 1177 3718 igi-

98 3753 153 3810 tur
182 3737 453 3829 quemadmodum
480 3737 510 3803 ai
532 3760 692 3826 nunquam
708 3736 836 3804 Heliam
860 3737 1075 3825 Thesbytem‚
1101 3761 1179 3826 pro-

99 3853 236 3940 phetam
268 3849 378 3928 illum,
410 3848 629 3936 potuissemus
663 3870 890 3937 cognoscere,
937 3847 1041 3936 qualis
1071 3847 1180 3928 fuerit,

100 3959 232 4050 qnando
259 3966 367 4026 eutem
394 3958 540 4032 videmus
569 3958 653 4024 illius
683 3957 875 4046 imaginem,
910 3967 987 4024 tunc
1017 3958 1181 4047 paullatim

101 4067 311 4158 intelligimus
331 4067 472 4156 figuram
485 4068 664 4156 prophetae
679 4067 762 4134 illino
778 4066 905 4149 Heliae,
917 4065 993 4134 licet
1014 4091 1079 4136 non
1094 4067 1180 4158 ejus.-

103 4179 179 4246 denn
200 4177 353 4244 honoris:
382 4179 426 4244 ita
447 4178 543 4244 etiam
564 4178 606 4244 de
625 4179 698 4242 Deo
720 4175 901 4264 intelligere
932 4188 1079 4265 oportet3
1108 4201 1182 4246 uam

138 4415 167 4480 2)
187 4411 207 4466 Ι.
227 4409 289 4466 Cor.
308 4410 340 4466 ll.
361 4421 399 4469 lo.
