2916 5172
342 403 546 472 Gennadii
580 399 805 472 Confessio
869 403 897 485 Ι,
1103 405 1158 484 ,7,

77 586 156 650 tium
186 592 221 650 et
250 601 408 670 nusquam
436 580 552 665 deest.
576 553 608 649 dt
629 581 657 647 si
679 580 764 647 mille
791 580 888 652 millia
918 581 1064 649 audirent
1085 606 1152 648 ser-

78 715 226 774 monem,
249 713 313 756 non
334 689 517 758 diminuitur
533 712 664 770 sermo,
685 690 746 757 sed
767 713 895 782 semper
914 714 1022 760 sermo
1043 703 1153 758 noster

78 803 308 890 integerrimus
336 810 403 866 est:
427 802 475 868 ita
501 801 643 871 Verbum
663 801 725 868 Dei
753 810 863 868 rnatum
889 811 941 867 est
961 825 1001 868 ex
1029 802 1154 890 virgine

77 913 199 991 diaria,
221 921 258 975 ut
278 933 318 976 ex
338 911 573 1004 prophetarum
595 911 686 977 labiis
707 911 812 977 iuerat
831 910 1045 999 praedietum3
1075 920 1151 977 atta

79 1046 150 1088 men
174 1044 235 1087 neo
258 1044 278 1086 a
305 1030 397 1108 patre
427 1021 546 1104 defuit,
574 1043 675 1088 neca
703 1043 818 1104 earne,
850 1044 911 1088 nee
932 1022 971 1087 ab
1005 1021 1151 1087 omnibus

79 1133 273 1214 hominibus,
294 1154 353 1196 nee
370 1132 410 1197 ab
431 1131 590 1196 universo.
602 1131 693 1210 orire,
711 1128 774 1196 sed
794 1128 911 1217 ubique
933 1139 1012 1214 erat,
1033 1141 1065 1196 et
1087 1131 1152 1197 non‘

80 1242 268 1310 diminutum
290 1249 357 1324 est,
378 1263 487 1306 verum
509 1239 738 1326 amplissimum
757 1248 835 1306 erat
883 1241 934 1308 Ita
955 1239 1102 1328 intellige·
1119 1249 1152 1306 et

80 1352 122 1417 de
140 1351 254 1417 Verbo
275 1350 355 1433 Dei,
383 1351 436 1437 qni
467 1349 626 1436 duplicem
654 1349 749 1414 habat
770 1350 1028 1438 generationem,
1055 1365 1150 1442 unam

80 1483 116 1526 ex
135 1463 211 1526 Deo
234 1461 332 1524 Patre
352 1459 593 1541 ante'saeenla,
622 1481 642 1524 a
663 1476 761 1524 carno
790 1481 867 1524 vero
900 1460 1038 1526 alterari
1053 1484 1073 1525 a
1093 1483 1150 1527 no-

79 1570 217 1637 uissimis
255 1567 394 1652 dierum,
433 1566 700 1656 quemadmodum
732 1591 839 1637 semro
873 1578 984 1635 noster
1013 1569 1150 1658 primum

80 1680 268 1770 producitur
287 1679 330 1745 ab
351 1680 471 1761 annno,
498 1670 642 1744 seeundo
663 1702 683 1746 a
703 1679 804 1750 labiis.
846 1680 887 1747 Et
907 1678 1050 1748 ha'eo'de
1072 1678 1148 1746 dua-

82 1796 137 1858 bus
159 1789 422 1880 generationibus
443 1789 532 1853 uerbi
551 1787 624 1854 Dei.

162 1900 307 1966 Multam
333 1898 418 1979 Quid
439 1883 490 1963 est
510 1919 679 1964 commune
699 1906 829 1972 sanotae
849 1897 1023 1964 trinitatis?
1071 1889 1076 1900 ⁸

136 1987 315 2078 'Ground
344 2008 519 2077 Commune
549 2017 600 2073 est
621 2007 815 2090 substantia,
843 2029 957 2074 cerens
979 2006 1147 2096 principio,

81 2128 235 2208 potestas,
257 2119 381 2185 bonitas
403 2141 441 2184 ac
458 2117 593 2206 justitia,
617 2128 650 2186 et
671 2119 775 2187 omnia
795 2118 876 2184 haee
897 2117 1072 2206 aequaliter
1092 2116 1146 2186 he-

83 2235 132 2298 bet
145 2239 249 2318 pater,
263 2224 358 2312 filius,
371 2227 504 2316 spiritus
524 2238 656 2294 sanetus
669 2235 798 2322 praeter
812 2228 901 2318 ipsas
923 2227 1145 2317 proprietates.

160 2363 308 2436 Maleam.
339 2362 426 2444 Quid
447 2373 499 2431 est
518 2363 684 2451 proprium
705 2362 788 2429 filii?

165 2497 313 2564 amnon.
364 2495 523 2564 Genitum.

82 2627 85 2632 ’
160 2631 304 2696 Monam.
344 2629 429 2712 Quid
450 2639 500 2696 est
522 2613 688 2719 proprium¹
707 2629 838 2716 spiritns
858 2627 1004 2695 saneti?¹
1062 2725 1064 2730 ι

165 2767 314 2835 Geronod.
334 2766 533 2838 Procedens.
834 2835 836 2850 ,
1050 2841 1052 2850 ¹

161 2901 307 2968 Multum.
348 2904 387 2968 In
407 2903 479 2966 Deo
501 2906 580 2988 quot
599 2907 729 2964 naturas
747 2895 900 2964 fateris?¹
977 2973 979 2980 Ι

165 3038 313 3104 Gennod.
354 3035 438 3104 Ideo
456 3015 592 3101 dicimus
605 3055 701 3101 unam
713 3041 869 3114 naturam,
890 3053 985 3098 unam
998 3033 1143 3114 sormam,

80 3171 175 3214 unum
188 3168 319 3236 genum
338 3168 433 3212 unam
463 3144 618 3234 gloriam,
638 3165 734 3214 unam
754 3142 952 3230 dignitatem,
971 3164 1065 3208 uuam
1086 3142 1143 3208 do-

80 3257 291 3369 minationem.
1015 3297 1022 3319 ι

166 3365 312 3436 Multam.
354 3367 563 3452 Hypostases
583 3369 661 3451 quot
679 3359 820 3440 fateris
810 3383 844 3426 m
863 3330 961 3452 oona
1039 3426 1055 3446 ι,
1085 3432 1086 3435 ι

166 3477 315 3546 Geroood.
334 3477 373 3542 ln
393 3477 465 3543 Deo
488 3473 623 3543 dicimus
643 3481 712 3540 tres
732 3493 908 3561 personas,
911 3436 1143 3568 triaindividua

75 3597 111 3662 et
131 3593 201 3658 tres
222 3586 353 3653 formas.

163 3696 309 3772 nudam
351 3697 394 3761 Et
416 3715 474 3762 cur
493 3693 609 3760 dieitur
631 3697 744 3779 poteri
759 3695 822 3772 ¹)

168 3806 315 3874 Gertnod
356 3805 460 3872 Pater
485 3802 599 3869 dieitur
627 3803 723 3880 Deus
748 3803 788 3874 ab
819 3801 888 3868 hoe
912 3803 1015 3892 uerbo
1024 3767 1144 3890 odoro

81 3941 244 4006 ιιιριιν,
224 3939 244 3983 ι
266 3936 294 3982 e.
316 3915 420 3981 omnia
442 3915 673 3996 observare

88 4087 291 4102 Μ

150 4185 179 4252 ι)
197 4177 300 4236 Mutari
318 4181 466 4236 lectionem.
502 4179 531 4234 in
546 4179 613 4234 iibro
630 4180 666 4232 ita
682 4153 787 4252 tegitur:
806 4188 831 4232 et
847 4194 892 4232 eur
909 4173 1020 4238 dieitur?
1049 4185 1148 4242 patera

88 4271 125 4322 mi
141 4265 286 4340 respondet
303 4257 438 4346 Genneda
463 4265 553 4322 Potor
571 4266 675 4322 dieitur
692 4261 786 4332 Deus,
803 4273 830 4321 et
849 4261 961 4321 Pater
945 4284 1037 4352 ‚quae
1042 4271 1151 4326 absona
1235 4257 1240 4266 ’

90 4354 251 4409 ridebantur.
