2896 5180
417 441 420 448 ·
473 425 795 520 Prolegomana.
1070 482 1075 492 .
1100 453 1186 499 xxxi

85 651 129 660 -
152 615 242 676 Duas
264 612 303 673 ad
326 609 605 692 Uytenbcgaertem
636 611 726 672 datae
757 611 905 690 eplstolae
927 629 990 673 una
1012 612 1187 675 Constanti-

86 727 194 805 nopoli
225 724 381 786 altercer
405 721 561 780 Walachia
592 741 627 781 ea
657 720 871 782 annislsslt.
903 721 1007 783 statu.
1038 725 1077 784 ad
1106 725 1186 786 idem

88 843 210 914 tempus
233 837 395 912 spectant,
429 851 490 910 qun
514 813 647 907 cyrillus
669 831 909 894 Alexandrinum
940 835 1184 896 Pabiarchatum

86 947 320 1007 administravit.
363 944 411 1004 De
441 943 495 1002 illo
526 945 591 1002 viro
629 943 721 1008 docto
754 945 886 1020 primum
922 961 980 1021 per
1007 946 1185 1008 Gornelium

85 1061 219 1139 Hagam,
245 1054 428 1114 Hellaudiae
451 1056 482 1111 in
506 1054 676 1113 'furcarum
699 1053 770 1113 aula
794 1058 959 1130 oratorem,
982 1073 1071 1131 quem
1093 1058 1126 1115 in
1146 1057 1185 1116 li-

86 1171 162 1228 teris
187 1167 228 1226 ad
251 1167 420 1226 Gustavum
441 1164 629 1241 Adolphum,
652 1165 782 1224 Succiw
803 1185 919 1246 regern,
941 1167 1040 1225 missis
1057 1161 1089 1248 Ι)
1112 1167 1186 1226 dicit

87 1297 213 1352 rerum,
244 1276 367 1336 fidelem
388 1275 469 1334 Jesu·
487 1275 600 1333 Christi
629 1279 783 1351 promtum
813 1276 938 1335 militem
960 1294 1018 1353 pro
1041 1295 1097 1336 sua
1119 1277 1185 1356 glo-

87 1393 143 1464 ria,
169 1388 331 1447 audiverat
352 1405 433 1445 anno
458 1381 568 1458 1602„
591 1403 685 1462 quum
707 1389 742 1444 ut
768 1387 834 1463 ipse
858 1387 965 1445 scribit
987 1385 1120 1462 cyrillus
1140 1385 1184 1466 ²),

88 1521 123 1560 ex
138 1500 300 1577 insperato
318 1497 385 1574 ipse
395 1494 516 1576 Belgio,
528 1515 593 1575 ¹ego
609 1498 648 1556 ab
660 1497 801 1577 Aegypto
820 1499 852 1556 in
866 1497 947 1557 hanc
962 1497 1070 1556 urbem
1090 1498 1185 1575 profi-

90 1613 243 1670 ciscentes
254 1608 435 1668 alterutrum
451 1605 622 1664 incredibili
640 1624 708 1665 cum
720 1607 1017 1682 laetitiariderimus,
1033 1607 1185 1669 salutave-

91 1723 193 1794 rimus,
212 1718 411 1793 dextramque
422 1706 595 1776 dadertmda
606 1714 649 1797 ³).
672 1716 752 1793 Quid
766 1735 839 1778 vero
854 1717 986 1792 cyrillus
998 1736 1079 1790 anno
1092 1716 1184 1779 1602.

92 1827 359 1905 Constantinopoli
387 1830 513 1886 acturus
542 1826 654 1904 luerit3
688 1826 772 1886 haud
793 1827 918 1888 dllficile
941 1831 989 1888 est
1010 1828 1050 1888 ad
1071 1828 1187 1891 intent-
1213 1851 1214 1855 ¹

93 1941 233 2022 gendum.
266 1939 391 1998 Scilicet
415 1925 709 2014 quiPatriarchatus
727 1937 1059 2016 constantinopolitani
1080 1939 1186 2000 sedem

90 2053 206 2128 tenuit3
228 2048 435 2126 principatum
458 2047 619 2125 quemdam
642 2048 680 2108 de
703 2049 814 2108 ceteris
830 2050 1012 2126 patriarchis
1030 2051 1184 2124 exercuit3

87 2164 148 2224 imo
173 2163 241 2222 sine
263 2157 356 2237 hujus
377 2162 626 2233 auctoramento,
653 2157 753 2236 inquit
774 2157 985 2242 Smithinst),
1015 2179 1105 2221 nemo
1127 2179 1185 2240 po-

89 2277 147 2334 tuit
165 2273 346 2352 (lignitatem
364 2269 451 2330 Patr.
471 2271 627 2346 consequi.
673 2271 772 2347 Quum
789 2270 883 2349 igitur
902 2271 1009 2332 ecdem
1026 2290 1107 2333 auno
1125 2272 1185 2349 Gy-

88 2385 176 2445 rillus
200 2381 383 2444 Patriarcha
397 2381 516 2442 electus
537 2381 650 2458 fuedt3
672 2381 746 2458 quid
760 2382 824 2440 reri
846 2381 984 2458 similius,
1006 2403 1098 2460 quam
1114 2403 1184 2444 eum
1223 2395 1226 2401 '
1307 2376 1309 2381 ’

90 2498 255 2558 Constant.
297 2492 500 2552 Patriarchaa
530 2493 764 2552 consensionem
786 2491 951 2568 impetrare
976 2497 1185 2574 pecuniasque
1308 2507 1309 2512 ’

92 2611 118 2668 ei
141 2606 263 2667 solvere
283 2601 440 2662 voluisset
471 2601 534 2662 Sed
563 2604 726 2679 praeterea
756 2601 955 2664 confirmatur
986 2603 1080 2679 illud,
1102 2605 1186 2681 quod
1272 2623 1281 2635 ·

94 2737 188 2795 supra
208 2713 416 2791 conjecimus,
439 2731 534 2788 quum
554 2712 660 2794 lugam
684 2708 765 2770 1600
789 2729 825 2770 ex
844 2709 977 2770 Polonia
1004 2715 1185 2788 capessivis-

92 2832 141 2889 set
163 2826 305 2904 cyrillus,
339 2843 409 2884 eum
430 2821 643 2882 Alexandriam
666 2822 802 2899 petiisse.
845 2820 1016 2900 Profectus
1038 2824 1117 2882 enim
1139 2829 1187 2884 est

93 2939 186 3000 1602.
208 2957 251 2998 er
272 2940 411 3015 Aegypto
432 2933 730 3010 Constantinopolin.
749 2963 787 2974 -
819 2931 944 2993 Habent
964 2951 1037 2993 vero
1054 2936 1187 2995 nonnul-

90 3051 121 3110 la
142 3049 216 3108 illae
239 3046 319 3107 duae
348 3042 514 3124 epistolae,
547 3046 657 3122 quibus
679 3043 764 3105 lectu
786 3044 895 3125 dignae
917 3047 1000 3108 sunt.
1043 3043 1186 3124 Conque-

92 3201 327 3220 Μ

92 3291 244 3346 minandum
269 3295 296 3343 et
317 3303 423 3343 errores
437 3283 591 3358 praesertim
606 3281 760 3355 pontificios
776 3283 976 3339 convellendos.
996 3311 1030 3328 ·-
1066 3285 1114 3340 Cui
1130 3289 1187 3359 regi

92 3377 164 3432 adeo
180 3374 296 3448 (tyrillus
316 3373 366 3430 luit
387 3373 595 3437 commendatus,
612 3380 641 3424 ut
659 3369 693 3425 ab
711 3387 745 3424 eo
768 3385 823 3424 nou
844 3370 932 3424 sulum
947 3387 995 3441 per
1010 3373 1186 3445 archiepisco·

91 3479 155 3534 pum
170 3460 339 3525 salutaretur,
359 3456 408 3518 sed
425 3456 513 3518 etiam,
529 3471 607 3524 quem
622 3455 680 3525 ipse
697 3455 777 3509 literis
793 3456 1013 3512 commendaticiis
1027 3469 1187 3530 prosecutus

93 3546 191 3609 luerat,
208 3542 405 3613 Metrophanes
421 3540 571 3612 Critopulus
593 3538 861 3596 honorificentissime
883 3541 968 3610 excipi
985 3541 1078 3612 jussus
1102 3553 1129 3598 et
1151 3546 1186 3600 ab

92 3633 154 3704 ipso
176 3630 287 3685 Abbote
314 3627 413 3685 civibus
438 3627 590 3682 academiae
606 3624 769 3682 Oxonlensis
786 3624 844 3698 jam
862 3621 924 3681 aute
938 3625 1021 3698 ipsius
1044 3627 1186 3684 adventurn

93 3717 243 3788 adscriptus
261 3724 343 3770 esset.

163 3803 194 3871 1)
213 3799 339 3873 Mieptus
354 3801 532 3856 Monumenta
550 3799 654 3870 pietatis
673 3807 699 3854 et
712 3799 837 3854 literaria.
855 3797 1071 3866 truncarunt.
1089 3807 1185 3874 ptlo.

162 3889 192 3954 2)
212 3885 318 3942 Lettres
338 3886 483 3941 sacedotes
500 3903 526 3956 p.
546 3889 602 3942 126.

162 3976 192 4040 3)
211 3973 352 4043 Antiquior
372 3972 449 4041 igitur
470 3970 519 4024 luit
539 3964 607 4023 baec
632 3969 759 4033 amicitia,
780 3985 859 4040 quam
880 3967 1017 4028 Molsntlre
1038 3973 1189 4046 significare

96 4060 200 4113 videtur
215 4059 242 4112 iu
259 4058 405 4112 dissertat:
423 4057 489 4111 iiber
505 4055 618 4125 Gyrillus
635 4054 747 4109 Luceria
769 4055 891 4126 (Studien
911 4055 964 4112 und
986 4057 1106 4114 Kritiken
1125 4061 1187 4117 ber-

97 4161 170 4215 ansg.
193 4159 250 4204 von
265 4142 393 4198 Ullmann
417 4143 470 4198 und
487 4139 609 4196 Umbreit
627 4145 702 4198 1882.
725 4146 750 4198 3.
765 4140 800 4194 Η.
818 4141 846 4194 S.
863 4143 936 4210 566).
971 4141 1041 4198 Nam
1056 4154 1120 4202 aute
1129 4147 1187 4218 jam

98 4228 206 4300 liugas,
232 4231 277 4300 qui
301 4229 437 4284 itineribus
460 4227 600 4281 orientales
624 4234 712 4280 terras·
731 4237 938 4298 peragraverat,
970 4228 1059 4302 cyrilli
1089 4252 1186 4290 nomen

99 4315 214 4370 auditum
232 4315 289 4370 luit.

166 4404 196 4469 4)
214 4399 259 4455 De
275 4409 345 4456 statu
364 4401 460 4456 eccles.
480 4397 599 4455 Graecae
618 4415 642 4470 p.
659 4399 701 4456 73.
