2916 5172
489 473 812 566 Prolcgorueoa.
839 460 843 468 ¹
894 516 897 526 ·
1080 499 1195 552 cxxsn

86 673 165 744 esse·
184 655 365 734 adscripta:
387 654 565 720 Lutlsereui
584 666 616 718 et
637 657 827 720 calvinistae
848 661 893 720 ite
915 659 1031 735 dissent,
1055 663 1205 730 similiter.

87 768 129 826 ad
152 769 259 828 rerba
288 767 389 844 ejusd.
420 771 538 844 quaest.
570 772 689 830 escunt.
717 775 821 847 ὁμοίως
847 775 997 848 σφάλλουσι
1013 809 1048 820 -
1064 787 1195 853 κληρονο-

85 885 214 956 pisceus
235 885 289 958 vla
306 885 424 943 etaim
440 885 514 962 geris
540 895 608 939 esse
632 880 672 940 ad
693 897 788 959 marg.
819 880 975 940 notatums
1007 881 1115 942 Etiam
1136 883 1195 946 lece
1292 859 1297 870 ’

86 990 205 1048 dieunt
230 989 418 1052 seaeant.
465 991 561 1065 Quae,
584 991 637 1064 sit,
661 989 816 1067 adscripto
838 1009 906 1049 esse
928 991 966 1049 ab
988 991 1120 1068 homine,
1142 997 1193 1070 qui
1276 968 1278 976 Ι

87 1099 267 1174 utriusque
290 1101 397 1158 coetos
421 1097 564 1178 dogmata
586 1103 617 1160 et
638 1100 718 1160 male
740 1099 923 1160 intellexerit
952 1119 1009 1162 nec
1031 1103 1110 1164 bene
1133 1105 1194 1166 dis-

87 1227 227 1269 cernere
251 1210 370 1286 potuit3
400 1211 543 1286 conjicit,
575 1213 613 1270 ab
643 1213 711 1288 ipso
733 1210 869 1270 Adriano
886 1211 1005 1271 iactum
1028 1231 1112 1288 esse,
1142 1221 1194 1292 qui

87 1319 185 1395 hujus
212 1321 377 1396 'opinionis
408 1339 514 1382 ensem
542 1323 573 1380 in
603 1341 660 1382 sua
689 1321 882 1398 praefatione
912 1323 1097 1396 praebuerit.
1147 1327 1194 1386 Ibi

87 1429 171 1486 enim
206 1433 276 1488 tum
306 1431 338 1513 iu
367 1431 560 1492 Lutherouos
586 1435 652 1492 tum
674 1433 705 1490 in
726 1429 909 1492 Galrioistas
938 1433 1093 1508 insectus,
1123 1437 1193 1516 illos

89 1559 125 1598 cx
148 1541 324 1600 ambitione
347 1536 525 1602 et=libidioe
548 1563 565 1602 e
585 1544 726 1603 Romana
748 1541 879 1603 ecclesia
901 1541 1064 1606 descivisse
1092 1551 1194 1625 putat,

89 1649 147 1708 hos
171 1669 192 1708 a
214 1669 291 1710 rere
313 1651 453 1710 docmina
474 1654 597 1712 omnino
619 1654 802 1727 recessisse,
831 1653 967 1712 membre
989 1657 1114 1732 putrida
1135 1677 1192 1722 sua
1294 1625 1296 1634 <

92 1761 264 1834 putredine
304 1765 417 1830 euecta
451 1765 658 1840 praecessisse
694 1765 806 1823 misere
837 1782 856 1822 a
884 1781 1014 1840 corpore
1050 1749 1190 1848 disjecta.

90 1869 239 1947 Denique
270 1872 356 1932 addit
383 1873 436 1933 ille
466 1873 636 1951 interpres,
666 1892 700 1934 se
729 1874 805 1934 duas
827 1862 1011 1934 Demasccni
1037 1876 1074 1938 de
1104 1881 1191 1942 cultu

92 1981 262 2062 imaginum
285 1983 431 2044 homilias
444 1985 638 2044 catechismis
661 1985 830 2044 Slcrouicis
853 1985 993 2060 adnexas,
1018 2005 1111 2064 quum
1134 1992 1190 2052 ali-

92 2091 123 2148 oi
144 2093 274 2169 possint
294 2093 365 2174 legi,
389 2095 537 2155 omisisse.
579 2096 706 2155 Invenio
735 2113 809 2154 vero
839 2093 922 2154 eliud
951 2093 1190 2164 additamentum

95 2202 134 2260 ob
165 2205 329 2266 rnnmrsn
357 2204 465 2286 pluris,
484 2205 723 2282 aestimandum,
753 2205 972 2266 catechismum
993 2207 1080 2270 Petri
1102 2211 1128 2272 Ι.
1142 2205 1190 2294 ²),

96 2313 187 2390 cujus
217 2333 314 2392 supra
335 2315 519 2374 mentionem
547 2315 618 2375 ieci
660 2317 709 2376 De
737 2325 817 2393 q'uo,
845 2319 881 2376 ut
910 2316 949 2376 de
979 2319 1108 2395 ceteris,
1138 2325 1190 2399 qui

96 2425 252 2502 prodiere,
288 2427 480 2486 catechismis
503 2427 578 2488 elias
602 2427 753 2487 disserere
780 2428 876 2500 lubet,
898 2427 961 2500 ubi,
983 2427 1031 2486 his
1052 2431 1189 2506 probatis

96 2536 215 2610 studiis,
239 2555 346 2603 eorum
368 2538 580 2598 collectionem
602 2536 780 2632 instituendi
801 2540 923 2614 tompus
946 2540 978 2597 et
999 2539 1094 2600 otium
1115 2560 1203 2620 sup-1
1253 2525 1255 2530 ¹
1365 2616 1369 2626 Ι

180 2757 271 2818 Illam
300 2760 367 2818 istis
402 2757 594 2836 temporibus
621 2773 748 2836 magnos
765 2756 885 2834 plausu·
906 2758 1066 2833 exceptam
1094 2759 1190 2822 inter-

99 2872 303 2941 pretationem
333 2871 423 2930 etiam
453 2867 653 2947 Hofmenoes
676 2867 801 2944 (Theoi.
830 2868 929 2928 Viteb.
957 2868 1093 2932 Proiess·
1116 2871 1190 2932 Pri-

99 2995 172 3040 nas.
195 2981 339 3057 idemque
361 2981 506 3042 Generel.
529 2978 701 3058 Superiut.)
731 2997 806 3040 suae
834 2967 1036 3040 confessionis
1063 2980 1188 3042 editioni

100 3093 251 3168 opposuit.
266 3087 297 3173 ¹)
340 3092 388 3154 lle
411 3111 472 3170 qua
493 3091 626 3152 editione
655 3090 770 3150 dadon
799 3089 922 3150 vendita
949 3091 1057 3167 paucis
1088 3095 1201 3154 absol.
1229 3169 1233 3183 1

100 3219 184 3280 vum,
215 3221 309 3280 quum
338 3221 417 3264 nore
444 3205 492 3264 six
519 3202 579 3262 dici
603 3203 710 3278 possit.
754 3198 892 3261 Graecus
922 3202 1022 3260 textus
1045 3205 1092 3264 est
1112 3205 1200 3272 Nor-¹

102 3314 291 3388 amoniense,
314 3287 500 3391 eaedemque
521 3315 674 3372 venantes
697 3315 770 3371 sunt
792 3310 950 3387 adjectae,
979 3313 1065 3373 nullo
1097 3316 1135 3378 de
1156 3319 1191 3376 iis
1251 3363 1253 3370 .

103 3421 186 3484 lecto
205 3424 336 3502 judicio.
379 3427 453 3502 lpse
476 3425 576 3486 editor
598 3421 773 3498 confitetur,
795 3439 828 3482 se
850 3422 987 3498 nescire,
1015 3424 1097 3486 uode
1119 3445 1192 3504 pro-

169 3651 197 3720 l)
214 3649 307 3708 liutet
321 3652 392 3706 hone
410 3651 527 3706 titularios
546 3649 615 3706 Eine
624 3639 832 3718 Unterweisong
846 3647 894 3702 der
907 3645 1023 3718 dargend,
1039 3647 1192 3704 euthelteud

103 3735 142 3790 eiu
161 3734 222 3792 ΔΒ
233 3736 402 3806 chiselon,
419 3736 472 3793 wie
488 3735 557 3790 euch
575 3737 634 3790 eine
652 3737 734 3792 karae
752 3735 904 3804 Erklsrung
921 3733 968 3788 der
984 3733 1071 3788 ueheu
1089 3733 1195 3790 Gebote

102 3819 146 3874 des
166 3821 268 3876 Gebets
294 3823 342 3878 des
359 3823 447 3876 llerru
477 3821 530 3875 und
554 3820 602 3876 des
629 3821 1003 3876 Glsubeos-Bekttnntnisses
1030 3817 1078 3874 aul
1094 3815 1199 3874 Belesi

102 3901 174 3960 Petri
191 3905 233 3962 M.
253 3903 423 3978 imperatoris
439 3924 494 3961 von
514 3915 591 3976 gauto
608 3905 742 3959 Russlond
759 3909 787 3962 in
805 3907 856 3961 deu
874 3905 966 3959 Druck
983 3904 1112 3974 gegeben.
1180 3928 1184 3932 ’

167 3997 504 4072 9)Prodtithoceso10=
531 3993 762 4069 Ὀρθόιλοξος
787 3997 972 4069 ὁμολογία
995 3997 1059 4068 τῆς
1083 4001 1194 4053 καθο-

104 4089 205 4156 tasse
239 4087 304 4146 καλ
338 4080 594 4156 succressens
627 4082 831 4156 ἐκκλησίας
861 4086 926 4154 τῆς
955 4078 1195 4156 ἀνατολικῆς.
1277 4108 1280 4116 ·

106 4169 166 4226 lloe
176 4178 229 4238 est,
239 4170 412 4228 Ortlsodoea
430 4169 569 4240 contemto
586 4171 748 4231 eetlmlieee
765 4179 851 4244 atque
868 4169 1044 4242 apostolieae
1061 4171 1198 4226 scelestae
1226 4171 1228 4176 ’

105 4257 253 4312 orientalis
270 4273 336 4312 esem
353 4259 590 4328 interpretatione
608 4257 702 4312 letina
722 4265 749 4312 et
764 4259 891 4312 cerotem
906 4259 1083 4326 permenses.
1105 4257 1198 4315 Prae·

107 4346 193 4398 missa
221 4349 264 4396 est
288 4341 412 4396 distorte
438 4339 524 4414 noejus
549 4336 697 4411 ὁμολογίας
722 4360 771 4397 sen
793 4339 960 4397 eeteelstsmt
986 4359 1006 4395 e
1030 4340 1068 4396 D.
1096 4341 1200 4400 Cereio

109 4425 222 4484 Gottleb
240 4427 419 4500 Hofimenno.
454 4425 646 4482 Vtattetuotee
663 4429 743 4501 apud
759 4427 808 4482 lo.
825 4425 916 4482 Jacob
930 4423 1020 4508 Korn.
1036 4423 1201 4480 Mecum.
