2896 5180
455 445 779 538 Prelegemeus.
1091 469 1155 514 um

51 649 127 692 rans
161 637 273 696 secter
302 633 397 692 tuisse
429 633 527 692 lemur
556 632 665 694 Isaiae
686 629 951 706 Yrepbimeeieiere
971 629 1153 694 naereses-

51 745 141 816 lrs'sss,
167 745 296 806 claustri
317 743 489 802 Kieviensis
510 740 636 804 Nieelee
657 742 748 802 dicati
770 741 919 821 Iynmen,
941 741 1151 815 quereretur,

52 856 70 912 i.
95 875 125 911 e.
151 853 327 927 ἡγούμενος,
355 856 466 914 iterum
497 872 532 913 ac
556 854 677 928 saepius
699 851 792 931 legit,
815 854 851 912 ut
872 869 1074 927 quaecuuque
1096 854 1152 911 mi·
1268 893 1270 900 ,

53 982 109 1022 uus
136 965 357 1040 probarentur,
380 967 545 1037 resecaret,
569 965 599 1022 et
616 981 696 1040 queo
712 961 969 1034 desiderarentur,
991 961 1151 1038 adjiceret.

52 1074 115 1134 iles
141 1076 214 1152 ipsa
236 1075 337 1148 decet,
359 1075 419 1134 hec
437 1073 567 1149 symboli
586 1074 766 1134 breviarium
782 1070 889 1152 lingua
902 1072 1035 1132 Russica
1054 1072 1150 1134 fuisse

53 1187 273 1262 compositum.
316 1185 528 1244 Decrevernnt
560 1201 650 1260 vere,
682 1184 906 1245 cenfessionem
935 1183 1096 1260 probatam
1119 1187 1172 1268 et¹

53 1295 193 1356 limatam
215 1297 351 1372 proxime
369 1288 718 1379 jejuniorumtempere
739 1294 938 1356 Patriarchae
957 1293 1148 1357 Constantia.

54 1407 197 1481 mittere,
226 1425 267 1468 ue
289 1405 362 1482 quid
391 1406 583 1466 auctoritatis
604 1405 682 1464 libre
711 1405 878 1479 symbolice
900 1403 1008 1466 deesse
1030 1406 1149 1466 ridere·

53 1519 114 1577 tur.
160 1517 230 1579 Jam
254 1536 332 1593 epus
354 1516 428 1590 init,
461 1519 497 1575 ut
517 1518 550 1575 in
574 1515 723 1576 Graecam
752 1515 972 1602 transferretur
1001 1515 1148 1598 linguam,

54 1646 146 1701 quem
170 1647 296 1704 operam
319 1628 357 1688 ab
379 1628 446 1703 ipse
464 1627 685 1706 Petrolllegile
708 1626 786 1686 libre
807 1627 952 1688 tribulem
968 1645 1043 1704 ,esse
1063 1632 1149 1704 puto.

55 1737 146 1798 llaec
165 1739 262 1800 tuisse
283 1737 567 1810 libelli-rationem,
584 1741 615 1797 ct
636 1737 704 1812 ipsa
724 1738 770 1796 rei
792 1741 903 1798 natura
924 1737 1033 1812 decet,
1057 1742 1088 1798 ct
1110 1741 1150 1798 ti·

56 1849 141 1908 tulus
163 1849 333 1929 significat,
368 1853 459 1924 quem
487 1849 593 1906 scribit
614 1849 784 1908 Nestorius
805 1848 921 1908 luisse:
945 1855 1076 1924 'Mam
1100 1861 1150 1930 τῇ,

57 1963 114 2016 τῶν
140 1947 244 2018 Priuer
269 1961 400 2031 πίστεως,
430 1956 598 2039 delinges
624 1959 729 2034 ntique
758 1958 833 2039 nihil
862 1955 1037 2035 adoeas1).
1080 1959 1149 2020 Nou

56 2071 158 2148 igitur,
179 2070 216 2128 ut
238 2069 387 2128 existimat
407 2068 599 2128 liel'maunus
612 2070 654 2144 2),
676 2069 773 2128 falsus
796 2069 916 2132 videtur
939 2089 1006 2132 esse
1034 2070 1148 2132 Adrio-

57 2201 133 2254 aas,
163 2179 289 2240 ultimus
312 2165 443 2238 Russiae
465 2180 551 2240 Patr.
577 2175 823 2250 loco-1700,
856 2179 908 2265 qui
938 2177 1051 2242 librum
1073 2197 1158 2244 cen-5

56 2311 176 2352 versum
198 2291 303 2363 edidit,
325 2291 356 2348 iu
378 2289 569 2365 praefatione
586 2289 777 2351 contendeus
792 2289 835 2365 3),
858 2307 914 2350 ano
931 2288 1053 2350 demum
1069 2292 1149 2350 tem-

59 2421 132 2478 pere
156 2422 174 2462 a
197 2421 230 2461 se
262 2404 292 2460 et
316 2399 354 2462 ab
377 2401 562 2477 imperatore
584 2401 813 2474 catechismum,
835 2401 867 2458 ia
888 2399 1060 2462 Russieem
1089 2400 1148 2460 lin-

60 2531 146 2592 gnam
169 2512 364 2585 translatum,
386 2511 497 2572 edendi
518 2513 638 2572 reniam
658 2511 1058 2583 Berleemedbaainaleie,
1082 2511 1148 2570 Me-

60 2623 221 2701 tropolitae
236 2623 393 2682 Kieriensi
414 2619 544 2682 1690-
556 2619 648 2695 1707,-
672 2621 774 2680 datam
792 2639 868 2680 esse.
891 2621 1042 2696 ‚Spectat
1059 2622 1147 2693 hacc,

59 2753 147 2810 quam
167 2733 269 2808 dedit,
291 2734 378 2792 venia
396 2734 454 2804 ,aut
476 2733 516 2792 ad
536 2732 666 2792 termam
688 2729 880 2802 catechismi,
904 2730 1026 2806 qualem
1047 2735 1147 2790 muta-

57 2849 105 2905 tus
127 2848 157 2906 et
178 2829 329 2922 probatus
350 2843 474 2916 habuit,
503 2838 636 2905 Nectarii
657 2859 730 2899 vere
752 2841 844 2900 verba
865 2841 886 2900 l.
910 2840 930 2901 l.
953 2861 984 2918 p.
1003 2839 1053 2914 a,
1078 2843 1146 2916 qui·

59 2956 111 3017 hus
133 2957 247 3016 librum
276 2955 390 3016 ductum
417 2952 482 3030 jem
503 2953 675 3012 Russerum
706 2951 811 3030 lingua
840 2950 1027 3033 divulgatum
1050 2953 1145 3012 luisse

57 3067 244 3148 significavit,
267 3065 305 3126 de
328 3063 466 3124 breviore
487 3061 558 3122 libri
582 3061 681 3122 torma
694 3060 728 3141 4)
750 3047 949 3143 intelligenda
968 3065 1068 3138 suut,
1092 3067 1146 3122 aut

123 3294 152 3364 1)
170 3291 290 3350 Nectarii
308 3293 385 3363 epist.
403 3291 498 3363 synod.
517 3288 698 3362 quaelegitur
714 3286 782 3342 inira
799 3306 825 3358 p.
842 3288 867 3343 7.
905 3287 1025 3346 Certiora
1042 3289 1077 3344 de
1095 3291 1145 3360 pri·
1229 3329 1233 3354 ,

57 3396 97 3434 ma
122 3379 200 3450 hujus
226 3377 389 3434 celeberrimi
413 3377 472 3432 libri
497 3373 697 3428 adumbratione
725 3383 875 3440 constaret,
906 3376 930 3430 si
954 3376 1021 3434 iliius
1047 3374 1142 3444 synodi

56 3463 205 3522 Kievieesis
228 3471 295 3518 ecto
312 3462 400 3516 adbuc
420 3467 562 3518 esstureut.
598 3458 652 3514 Aut
676 3465 835 3516 exaruerunt
858 3466 903 3512 unt
920 3459 953 3516 ab
972 3459 1142 3520 adversariis,

57 3550 125 3620 quod
143 3549 186 3604 uli
203 3549 369 3613 existimaui,
391 3549 494 3618 penitus
511 3546 616 3616 sublato
632 3551 701 3597 sunt.

119 3644 149 3710 2)
176 3640 309 3696 Historia
332 3639 499 3696 eeteros-mn
520 3632 827 3710 Reseserumbreefira
852 3634 913 3690 edit.
947 3653 1016 3708 qrsae
1045 3635 1143 3708 prodiit

57 3727 128 3784 1751.
153 3727 178 3794 6.
199 3726 227 3781 8.

118 3821 148 3888 3)
166 3817 278 3890 Legitur
294 3819 362 3872 haec
381 3817 510 3888 praelatio
527 3815 698 3885 inl'rischtt
714 3832 784 3870 vers.
803 3813 953 3870 catechismi
974 3816 1047 3871 1727.

118 3915 150 3980 t)
174 3910 239 3967 Nou
259 3893 333 3966 'anim
358 3910 521 3981 exspectavit
539 3908 683 3981 Megyllae,
716 3905 861 3974 usquedum
886 3907 1072 3966 catechismum
1096 3928 1142 3980 ap·

56 3999 191 4068 probatum
209 3997 356 4067 reclamem
375 3997 424 4050 sed
438 3993 495 4064 jam
511 4011 582 4050 aune
596 3994 670 4048 1645.
686 3991 766 4047 Kiehl
781 3990 911 4048 Peleniea
928 3993 1074 4050 etRusslcs
1089 3995 1143 4049 dia·

55 4081 120 4138 leste
138 4084 277 4140 etiterum
297 4079 372 4133 loru.
390 4078 557 4151 besrrbergae
581 4079 689 4134 brevem
713 4077 899 4132 catechismum
913 4079 952 4148 ,ie
976 4079 1069 4156 uulgus
1087 4079 1142 4136 edi·

57 4169 106 4237 dis,
132 4169 265 4242 pollicitus
289 4166 316 4220 iu
340 4164 468 4236 praeiet,
494 4184 525 4224 se
552 4165 672 4236 presime
696 4161 846 4218 uberiorem
863 4160 927 4216 iidei
945 4163 1141 4222 cenfessionem

58 4257 206 4312 enrissnsum
226 4270 295 4310 esse.
330 4247 394 4308 Non
412 4267 478 4304 rere
502 4258 641 4304 macarius
668 4258 709 4304 est
739 4265 815 4304 sunm
833 4249 979 4308 concilium.
1014 4248 1141 4308 Nondum

58 4341 118 4394 enirn
137 4339 251 4410 amabor
266 4339 310 4392 illa
328 4337 502 4391 catechismus
527 4333 561 4390 ad
579 4343 713 4390 auctorem
732 4335 863 4395 redierat.
891 4353 970 4406 qssum
994 4336 1021 4390 d.
1041 4334 1140 4390 XXXl.

60 4422 120 4480 llee.
141 4425 214 4480 rosi.
234 4425 381 4478 moriretur.
414 4421 561 4478 Academia
577 4431 664 4476 nutem
682 4419 832 4478 enbedesa
852 4420 1139 4491 (illave-bleg'duaaa,
1189 4419 1193 4428 ’
