2896 5180
473 437 793 530 Pr'oiegomena.
956 503 960 516 ,
1120 453 1184 508 ani

85 623 274 688 eorumdem
308 623 433 685 iliorum
466 615 620 684 sententia
655 638 811 700 nunqnam
841 639 908 682 esse
946 623 1045 701 possit
1059 627 1181 702 «ωας,

85 737 205 795 Dicere
228 730 335 794 aniam·
354 751 448 793 ansus
471 737 536 805 est,
564 741 657 814 aim
677 735 708 792 in
729 731 797 792 Deo
817 735 894 811 ,ipso
923 747 992 794 essa
1021 738 1053 792 et
1080 737 1183 792 taison

84 865 148 924 par
183 856 218 906 se
247 846 474 904 subsistentem.
517 845 656 904 Priscam
694 845 773 904 enim
803 845 985 903 sententiam
1018 847 1090 902 ante
1117 843 1183 920 jaun

82 975 119 1035 p.
142 957 196 1016 17.
217 957 378 1034 protessus
399 955 474 1014 init:
508 949 713 1031 quodeunque
733 955 775 1013 sit
795 956 826 1012 in
849 953 915 1013 Deo
937 957 970 1014 et
990 971 1026 1013 ex
1047 953 1129 1030 lieo,
1151 953 1184 1014 id

85 1087 148 1126 sna
182 1071 292 1126 natura
323 1067 440 1142 (Crusii
467 1082 575 1124 rursus
607 1067 771 1125 ieetionem
804 1067 929 1126 seontns
945 1062 1048 1140 'snm)
1083 1063 1184 1124 Deuin

83 1179 194 1254 ipsum
219 1195 296 1250 esse,
320 1179 446 1236 nonita
468 1177 585 1236 divinae
609 1179 736 1236 naturae
761 1176 847 1250 qussi
868 1175 1048 1250 involutum,
1069 1178 1183 1234 utnon

87 1289 156 1347 suis
180 1283 296 1346 viribus
325 1290 467 1363 exsistat3
496 1288 527 1345 in
559 1287 626 1345 De'o
655 1288 735 1346 enim
765 1287 885 1345 nntium
914 1305 982 1346 esse
1004 1293 1182 1369 συμβεβηκός,Ι

85 1397 175 1458 unde
197 1405 292 1476 Λόγον
313 1414 374 1457 non
393 1397 493 1456 sotum
512 1399 622 1456 natura
641 1399 688 1455 sni
703 1400 886 1473 compotem,
904 1397 965 1456 sed·
977 1399 1069 1458 etiam
1082 1397 1183 1459 Deum

86 1527 168 1569 esse.
215 1508 282 1565 Diri
306 1509 437 1584 priscam
466 1507 546 1567 hano
573 1527 642 1568 esse
672 1508 965 1587 argumentationem
994 1511 1026 1566 et
1045 1505 1184 1585 piniioso-
1264 1488 1267 1492 ⁵

87 1621 180 1698 phiae
205 1619 339 1694 speeiem
361 1636 436 1695 prae
459 1637 492 1678 se
513 1619 605 1677 ierre.
648 1617 761 1678 Iisdem
791 1621 871 1678 enim
896 1619 1065 1678 rationibus
1088 1617 1185 1698 (trag.-

91 1730 164 1792 Naa-
180 1732 259 1788 orat.
272 1729 386 1789 xm.
411 1728 568 1789 declarare
590 1733 719 1788 conatus
739 1731 799 1804 est,
822 1731 963 1806 spiritum
979 1747 1048 1789 essa
1070 1734 1182 1807 aristas,

92 1859 158 1900 non
179 1851 370 1921 mpprpqregg
392 1839 538 1915 deinceps
561 1839 652 1898 deum
674 1857 751 1900 esso.
765 1871 806 1884 -
826 1841 931 1920 Viguit
951 1841 1119 1916 antiquitus
1143 1838 1183 1898 ris

93 1951 295 2028 inspiratione
318 1950 376 2008 etsi
397 1967 463 2008 non
493 1951 666 2008 accuratius
696 1949 821 2010 definita
848 1950 926 2010 haee
954 1954 1039 2010 cente
1068 1951 1184 2026 opinio,-

89 2081 171 2134 non‚
193 2063 230 2119 nt
252 2057 390 2134 videtur,
425 2059 508 2137 apud
529 2075 643 2120 omnes·
658 2060 723 2120 seii.
736 2060 820 2138 apud
842 2061 1025 2120 eruditiores
1048 2077 1084 2120 ao
1106 2060 1185 2119 iibe-

87 2172 238 2233 ratiores:
261 2171 357 2230 inisse
379 2189 441 2229 non
464 2189 570 2230 omnes
592 2189 697 2231 saeros
720 2176 862 2238 auctores
886 2172 993 2232 eodem
1015 2172 1115 2232 niuno
1138 2170 1188 2230 ai·

88 2283 167 2342 natu
189 2265 350 2361 dignatos,¹
368 2280 448 2339 aiios
465 2282 568 2357 potins
599 2282 666 2343 eliis
699 2285 873 2360 superiores
901 2282 951 2343 rei
979 2281 1113 2362 largiore
1134 2277 1184 2340 vei

89 2393 208 2456 diutins
238 2390 368 2450 durante
397 2391 591 2451 revetationis
618 2371 780 2453 beneficio.
824 2395 894 2454 Hoc
923 2395 1007 2454 certe
1030 2380 1185 2472 Oripenea

89 2505 216 2581 saepius
237 2501 340 2561 iassns
356 2504 429 2582 est3
461 2502 582 2562 disertis
603 2504 703 2564 verbis
727 2505 756 2564 in
779 2505 882 2566 homil.
906 2507 939 2564 in
959 2505 1083 2567 Numer.
1101 2502 1185 2565 xvi:

89 2615 143 2676 8.:
166 2613 271 2690 aliqua
291 2611 412 2692 quidem
436 2613 579 2672 dominus
600 2613 723 2674 ioentns
747 2619 811 2690 esi,
840 2619 871 2677 et
901 2635 962 2676 non
991 2617 1185 2692 propnetam

73 2703 159 2782 ‘alia
177 2741 248 2782 sero
268 2723 442 2798 prophetae
465 2724 496 2781 et
518 2739 579 2780 non
602 2725 755 2784 dominus.
798 2724 872 2784 Pari
893 2726 985 2787 morio
1002 2727 1093 2784 eiiam
1101 2724 1186 2784 Gen-

92 2831 205 2896 nadius
225 2834 307 2893 hane
328 2833 386 2891 sibi
407 2831 493 2892 finxit
515 2833 707 2906 sententiam,
729 2836 960 2912 prophetarum,
982 2853 1043 2913 qna
1063 2836 1112 2896 usi
1135 2853 1186 2894 es-

91 2947 179 3018 sent,
202 2944 435 3020 inspirationem
456 2946 488 3002 et
511 2941 666 3004 exilior-em
685 2945 780 3004 inisse
807 2949 839 3020 ei
859 2947 1071 3025 interruptam.
1114 2947 1186 3006 Boe

91 3057 178 3115 een-te
201 3053 301 3113 tatere
320 3058 398 3131 pnio
421 3053 481 3114 illis
502 3053 623 3126 verbus
637 3071 715 3128 qnae
738 3059 810 3115 sunt
830 3075 862 3134 p.
886 3057 952 3118 is:
974 3059 1032 3118 liei
1053 3060 1187 3117 benevo-

90 3165 189 3225 lentia
206 3165 307 3244 magis
321 3163 454 3223 adaucta
469 3167 516 3222 esi
532 3183 568 3222 ex
590 3181 637 3237 eo,
654 3166 737 3239 quod
752 3167 818 3244 ipse
835 3168 910 3228 dens
928 3165 981 3248 (ex
997 3168 1097 3228 Grnsii
1114 3168 1186 3230 estiis

91 3277 160 3353 ipse
180 3275 288 3354 Logns
310 3251 428 3334 divinus
450 3276 482 3332 et
502 3269 596 3354 deus)
619 3292 689 3348 oum
710 3279 792 3334 omni
813 3297 870 3337 sna
890 3281 1003 3340 uirtute
1024 3281 1058 3338 in
1078 3279 1188 3339 Jesnm

91 3387 253 3464 Pfflffllsts
276 3401 368 3460 (imm
389 3383 472 3460 (im
493 3392 614 3462 sueram
643 3395 684 3459 tle
713 3394 781 3460 votis
811 3398 960 3470 προφήτας
996 3396 1085 3456 αὐτοῦ
1118 3400 1188 3470 μίαν

91 3487 174 3560 zeton
190 3482 210 3560 ἢ
229 3485 299 3555 eea,
321 3486 370 3542 eui
393 3488 434 3552 εἰς
459 3481 543 3542 iiiios
570 3484 621 3556 pis
638 3486 788 3558 προφήτην
807 3488 956 3562 ἐλάττονα,
980 3495 1021 3558 εἰς
1045 3489 1129 3556 ἄλλον
1156 3490 1187 3548 oi

90 3599 217 3668 peltana.
251 3587 320 3653 lion
348 3587 443 3667 igitur
464 3588 561 3648 omnis
583 3589 804 3665 prophetarum
825 3592 989 3652 multitudo
1011 3593 1118 3654 eadem
1139 3594 1188 3652 in·
1304 3665 1307 3676 Ι

93 3699 265 3776 spiratione
288 3696 396 3776 adjuta
417 3698 481 3769 ert,
508 3698 713 3776 nodamina,
737 3719 816 3776 qnae
835 3696 869 3760 'in
891 3701 1067 3792 Jesulinib
1099 3705 1189 3780 post-

93 3827 187 3885 quam
210 3807 288 3868 dens
310 3809 376 3886 ipse
399 3799 528 3892 ejusque
549 3815 641 3889 Λόγος
662 3811 691 3870 ei
711 3811 910 3890 inhabitarii3
932 3813 988 3872 sed
1008 3813 1100 3873 modo
1122 3832 1188 3873 ma-

88 3921 163 3997 jor'e
184 3920 276 3981 modo
298 3921 426 3994 nemone,
453 3920 558 3995 ntique
580 3938 638 3996 pro
661 3939 767 3980 eorum
789 3921 947 4002 dignitate·
989 3923 1053 3984 Neo
1075 3925 1118 3983 eis
1141 3925 1189 3982 in-

89 4032 153 4092 inii
173 4037 272 4109 ιόγος,
299 4031 356 4090 reri
376 4038 475 4111 χάρις,
509 4029 541 4090 id
562 4030 646 4105 qnod
677 4031 768 4090 eiiam
791 4031 829 4092 (ie
851 4036 1033 4094 cunctorum
1056 4037 1188 4113 scripio·

89 4161 163 4201 rnm
180 4143 296 4204 namra
317 4140 391 4200 dixit
405 4143 462 4198 art.
476 4139 525 4198 15.
538 4169 577 4182 -·-
599 4147 692 4220 Λόγος
712 4159 793 4202 varo
808 4159 865 4200 eur
886 4161 956 4202 enm
972 4145 1095 4204 homine
1111 4147 1187 4206 Jesn

91 4251 295 4327 copularetur
317 4250 496 4328 oportuerit,
519 4249 598 4309 bene
621 4253 761 4326 exposuit
783 4253 962 4313 Gennadius
985 4275 1016 4332 p.
1038 4255 1104 4330 1i.,
1129 4275 1187 4315 neo

91 4364 153 4420 hoc
175 4363 205 4418 in
226 4359 296 4422 loeo
320 4382 338 4422 a
359 4363 530 4438 priscorum
559 4359 843 4440 philosophantium
876 4364 1090 4452 theologorum
1114 4369 1189 4456 etie-
1295 4373 1303 4392 ⁸
