2896 5180
283 427 369 480 axrv
661 407 987 502 Prolcgomeua.

279 591 462 672 accusabile,
496 592 584 671 cujus
608 607 745 655 museum
767 595 937 675 peregrinis
959 598 991 656 et
1013 595 1174 660 rarissimis
1196 597 1282 659 libris
1306 601 1376 676 ple·

280 725 352 765 num
372 705 441 780 fuit,
463 704 616 781 exemplar
637 709 800 783 acceperat
821 707 1032 784 confessionis,
1056 708 1139 785 quod
1160 709 1231 768 huic
1245 711 1375 770 Mosco·

280 819 341 878 rita
371 814 575 876 nobilissimus
606 805 781 876 donaverat.
825 815 1019 877 hormannus
1047 818 1231 879 festinanter
1252 819 1374 880 descri—

281 929 343 1006 psit
364 929 396 988 et
416 929 448 988 in
469 926 606 1004 linguam
635 923 760 984 latinam
789 927 889 986 vertit.
931 928 1003 988 Fuit
1025 929 1117 1008 igitur
1138 928 1211 990 edii.
1235 931 1301 990 sinc
1326 929 1376 990 la·

279 1039 344 1098 tina
363 1055 458 1112 vera,
480 1039 602 1113 inqua,
624 1038 659 1095 ut
681 1035 777 1110 addit,
799 1037 919 1116 paginis
939 1038 1073 1100 adversis
1096 1044 1128 1101 et
1145 1039 1268 1100 Graeca
1289 1043 1374 1117 typis

280 1151 403 1212 exarata
424 1150 456 1210 at
478 1146 641 1209 slavonica
662 1145 780 1206 calamo
802 1147 957 1225 descripta
977 1150 1183 1225 haberentur,
1215 1169 1290 1230 ergo
1313 1169 1374 1210 nec

278 1257 508 1320 Amstelodama
536 1276 594 1316 nec
625 1257 974 1334 Constantinopolitano.
1018 1261 1087 1320 Jam
1119 1279 1192 1320 vero
1221 1260 1375 1339 Upsalam

278 1371 362 1434 venit
381 1367 565 1446 bibliopola,
598 1369 650 1443 qui
679 1368 732 1426 ubi
759 1369 834 1428 vidit
862 1371 1050 1429 rarissimum
1084 1372 1214 1446 librum,
1251 1389 1374 1432 summo

278 1498 373 1558 opere
393 1480 492 1558 rogat,
514 1481 551 1537 ut
571 1479 629 1554 ipsi
651 1479 732 1554 typis
755 1476 989 1538 describendum
1016 1482 1231 1542 committatur.
1275 1483 1374 1542 Haud

278 1591 385 1651 abnuit
403 1588 607 1650 Narmannus.
651 1588 693 1646 nt
713 1588 765 1648 ille
795 1591 868 1666 post
894 1590 1059 1650 triennium
1089 1592 1164 1652 nihil
1196 1594 1254 1652 nisi
1276 1596 1375 1655 verba

276 1701 361 1762 dedit
368 1721 379 1776 3
401 1700 566 1760 frustratus
589 1697 647 1758 luit
669 1698 779 1758 doctus
799 1701 855 1758 vir.
899 1701 990 1759 Venit
1006 1703 1129 1762 interim
1144 1703 1223 1762 liber
1233 1705 1373 1780 Lipsiam

276 1812 317 1871 ad
336 1813 488 1875 Adamum
510 1807 797 1888 Rechenberpiam,
815 1812 872 1886 'qui
894 1810 966 1886 quid
988 1811 1066 1872 libro
1089 1813 1216 1893 lecerit,
1236 1833 1299 1875 non
1321 1835 1373 1876 sa·

275 1923 322 1982 iis,
337 1922 444 1997 liquet.
488 1919 594 1979 Eidem
616 1920 849 1999 Rechenbsrgio
880 1915 1006 2001 magnas
1028 1919 1220 1984 No'rmannus
1249 1930 1284 1984 ut
1305 1927 1372 1986 edi.

276 2034 368 2092 tionis
391 2049 465 2092 suae
488 2030 622 2107 adjutori
651 2031 744 2089 habet
766 2032 901 2110 gratias,
930 2050 992 2091 non
1016 2033 1167 2108 addens„
1186 2053 1247 2110 quo
1275 2041 1372 2113 pacto

277 2145 336 2220 ipsi
358 2141 517 2202 auxiliatus
541 2141 642 2200 luerit.
685 2141 764 2200 Miro
786 2161 858 2200 vero
873 2142 937 2201 fato
954 2141 1077 2216 occidit,
1100 2147 1136 2202 ut
1151 2144 1259 2204 eodem
1276 2165 1372 2221 anno,

277 2270 338 2330 quo
358 2252 552 2314 Narmannus
574 2270 661 2312 suam
683 2251 755 2310 edit.
780 2253 811 2310 in
833 2252 934 2312 lucem
956 2255 1056 2329 misit,
1080 2258 1208 2332 accepto
1231 2277 1267 2318 ex
1290 2258 1369 2317 Bel-

277 2366 338 2450 gia,
365 2383 401 2424 ax
421 2363 606 2422 bibliotheca
627 2361 806 2437 Ryclsiana,
835 2363 934 2424 altaro
957 2364 1138 2441 exemplari,
1167 2367 1266 2428 inscio
1289 2369 1371 2428 Nor-

275 2491 399 2550 manno,
421 2474 519 2532 altera
540 2472 631 2532 aditio
653 2473 791 2550 prodiret
798 2493 808 2547 3
832 2474 938 2534 eodem
953 2474 1053 2549 titulo,
1076 2475 1182 2536 iisdem
1200 2480 1293 2554 typis,
1318 2481 1371 2540 iis·
1439 2521 1440 2548 ,

276 2583 346 2646 dom
371 2585 525 2644 erroribus
557 2585 619 2644 sive
643 2585 872 2664 typographicis
904 2588 967 2645 siva
990 2587 1229 2662 antiquioribus,
1259 2590 1370 2650 iisdem

275 2697 395 2776 paginis
417 2698 450 2755 et
472 2695 535 2754 suis
559 2697 590 2754 et
612 2694 651 2754 ad
675 2697 843 2775 marginem
866 2697 1038 2774 adscriptis,
1060 2697 1168 2757 iisdem
1185 2701 1266 2760 notia
1287 2720 1370 2762 mar—

276 2807 437 2886 ginalibus,
460 2805 566 2864 eadem
588 2805 658 2879 equi
679 2807 811 2865 volantis
833 2807 933 2886 ligura
964 2807 1053 2866 titulo
1083 2809 1250 2885 impressa,
1282 2811 1370 2872 deni-

277 2935 336 2992 que
367 2915 464 2975 altera
493 2913 581 2974 alteri
609 2915 652 2972 ita
681 2915 804 2990 similis,
833 2919 869 2976 ut
898 2935 979 2976 unus
1009 2916 1088 2977 liber
1117 2917 1258 2980 rideatur
1288 2942 1368 2982 esse.

276 3025 379 3084 Habet
401 3026 531 3100 uterque
553 3024 637 3084 hunc
660 3025 803 3084 titulum:
833 3026 1018 3086 orthodoxa
1048 3027 1205 3106 consessio
1236 3035 1369 3122 catholi-

275 3155 332 3196 cae
354 3141 447 3214 atque
472 3137 603 3210 apostol.
627 3137 781 3196 ecclesiae
806 3138 983 3212 orientalis,
1008 3155 1099 3216 qaam
1121 3159 1190 3201 cam
1212 3145 1369 3220 inter-pre*-

273 3249 390 3306 iatione
409 3241 508 3306 latina
527 3247 661 3322 primam
685 3249 749 3308 edit
769 3247 964 3310 Laurentius
985 3247 1194 3312 Narmasmus.
1222 3253 1369 3332 Lipsiae,

210 3412 214 3424 J
274 3359 362 3434 apud
387 3359 442 3418 Tb.
465 3358 581 3418 Frisch
613 3355 705 3417 1695.
751 3357 861 3417 Differt
892 3361 1023 3434 uterque
1053 3360 1132 3420 liber
1170 3383 1206 3422 eo
1237 3368 1368 3444 tantum,
1438 3395 1439 3398 ¹

273 3469 357 3548 quod
377 3487 450 3529 vera
470 3467 635 3528 Normanui
658 3469 740 3542 edit,
764 3467 874 3528 Carolo
895 3470 971 3543 XL,
1002 3471 1131 3531 Sueciae
1153 3473 1250 3553 Regi,
1282 3478 1369 3537 dedi-

273 3584 353 3657 cata,
375 3579 565 3656 praelatione
579 3569 739 3638 ⁴instructa
761 3582 818 3653 est,
843 3598 903 3656 qua
921 3579 959 3639 de
976 3582 1152 3642 catechismi
1172 3589 1369 3663 auctoritato,

274 3693 313 3752 da
335 3691 517 3750 editionibus
541 3693 573 3748 et
594 3689 660 3748 aliis
684 3709 702 3750 a
723 3689 898 3750 ll'ormanno
922 3690 1114 3768 disputatur;
1148 3697 1179 3752 in
1211 3695 1289 3756 falsa
1314 3719 1369 3758 au-

272 3807 335 3862 tem
356 3803 423 3878 ipse
445 3799 612 3876 bibliopola
633 3791 792 3876 praelatus
816 3805 873 3875 esi,
896 3820 929 3861 se
953 3805 1111 3880 accepisse
1129 3805 1262 3880 Lipsiae
1284 3829 1370 3870 anno

272 3914 432 3989 superiori
451 3912 694 3988 manuscriptum
718 3911 756 3972 ab
777 3915 847 3988 ipso
869 3913 1065 3990 Narmanno,
1087 3916 1312 3994 praelationem
1335 3939 1369 3979 se

274 4026 460 4101 scripturum
482 4009 645 4099 pollicito3
677 4022 715 4082 do
742 4042 802 4100 quo
824 4042 917 4100 quum
940 4044 1002 4084 non
1024 4029 1162 4104 constet,
1185 4047 1258 4086 num
1280 4031 1370 4090 inco-

273 4132 364 4193 lumis
396 4132 518 4192 domum
547 4131 673 4192 redierit
695 4153 734 4192 an
757 4136 900 4210 perierit,
931 4153 963 4195 se
993 4136 1105 4197 librum
1135 4139 1200 4199 sine
1220 4141 1371 4222 prolego-

274 4244 370 4302 menis
394 4261 476 4302 nunc
499 4244 640 4302 emittere
661 4262 752 4319 quam
783 4247 929 4304 remorari
953 4247 1055 4308 malle.
1101 4250 1186 4325 Quae
1210 4269 1307 4326 quum
1329 4255 1370 4314 ab
1437 4313 1438 4324 ,

275 4355 330 4428 iis,
353 4369 432 4428 quas
454 4351 647 4415 Narmannue
669 4355 735 4433 ipse
759 4355 796 4414 de
819 4374 971 4416 manuscr.
996 4361 1078 4418 sorte
1101 4364 1215 4438 nmrat,
1237 4381 1370 4440 prorsus
1437 4339 1438 4392 l
