2896 5180
484 399 807 494 Prolegoment.
1140 428 1189 476 ur

40 643 49 662 ,
77 585 295 650 Patrlarcbeo
317 603 381 646 uon
404 581 584 646 dubitarunt
610 586 674 646 suis
703 587 875 674 nominibus
898 587 1080 667 subscriptis
1104 604 1188 651 com-

77 698 240 762 mendare
271 697 384 758 librum
414 693 505 771 eique
532 695 628 768 totam
649 695 836 782 orientalem
864 696 1026 761 ecelesiam
1055 699 1188 762 obstrin-

75 825 164 886 gere
188 804 283 869 1643.
328 808 483 884 Quantum
506 823 579 878 nero
600 803 695 886 legati
717 807 761 868 illl
782 809 814 880 iu
836 787 1005 886 breviario,
1025 829 1084 871 sno
1102 808 1188 888 judi-

77 919 133 976 cio
160 916 326 994 subjecto,
357 918 537 995 mutarintt
557 914 589 974 id
611 895 809 998 ignoramus3
837 920 898 986 hoo
918 937 993 988 vero
1015 917 1187 996 verisimile,
1243 965 1245 972 i
1287 953 1291 962 ·

73 1028 356 1100 adumbrationem
381 1026 447 1106 jam
476 1027 609 1100 formem
638 1029 815 1102 catechismi
850 1030 995 1102 babuisse
1024 1047 1062 1090 ac
1088 1030 1188 1090 tribus

78 1139 233 1216 partibus
256 1139 358 1211 omnia
380 1137 566 1212 absolvisse,
595 1137 714 1208 scilicet
742 1139 868 1202 adires
890 1142 1038 1214 virtutes,
1068 1157 1105 1204 cx
1124 1120 1195 1198 Aa)

46 1223 50 1232 ⁵
80 1251 210 1328 gnstini
232 1251 334 1314 aetate
356 1248 585 1326 frequentatas,
615 1247 725 1326 tidem,
748 1269 852 1341 spem,
874 1253 1042 1324 caritatem,
1087 1251 1189 1326 Quaa-

81 1379 197 1420 ramus
213 1362 318 1437 potius
335 1359 373 1434 de
389 1359 521 1436 perfecti
538 1359 620 1436 libri,
642 1361 694 1435 qui
710 1359 759 1422 vel
775 1362 952 1434 catechismi
968 1361 1019 1434 vel
1040 1367 1189 1442 ὁμολογίας

78 1489 212 1534 nomon.
225 1471 358 1564 accepit,
377 1473 498 1532 natura.
541 1469 646 1544 Prima
667 1473 756 1547 parte
779 1471 817 1542 de
835 1471 915 1552 fidei
931 1471 1111 1541 delinitione
1123 1467 1189 1547 agi-

82 1586 161 1656 tur,
189 1583 369 1659 primusque
390 1563 544 1656 llicoenae
573 1580 725 1654 termulae.
749 1582 902 1664 ’articulus
933 1582 1009 1660 quid
1037 1578 1189 1643 sibinelit

82 1693 277 1764 declaratum,
320 1691 490 1764 Disaeritur
519 1692 557 1754 de
587 1691 663 1766 deo,
692 1693 791 1753 tribus
807 1695 979 1784 ,personim
1009 1689 1048 1758 de
1079 1689 1188 1750 diuinis

85 1805 267 1878 attributis,
290 1801 329 1864 de
353 1801 469 1888 angelis
493 1805 558 1862 tum
580 1802 668 1874 bonis
693 1805 758 1872 tum
779 1804 884 1886 malis,
915 1804 953 1866 de
975 1801 1188 1889 pretoplnsto-

86 1916 266 1976 rumetum
287 1913 444 1986 innocenti
473 1931 510 1972 ac
532 1931 589 1990 per
620 1917 783 1990 peccatum
804 1914 835 1974 in
858 1913 993 1986 deterius
1014 1914 1187 1984 immutata,

87 2023 129 2082 de
152 2024 355 2102 providentia,
378 2023 417 2085 de
439 2025 558 2100 septem
580 2024 707 2114 spiritus
730 2043 754 2084 s.
774 2024 873 2099 donis,
896 2025 934 2086 de
956 2043 1065 2094 norem
1085 2005 1188 2086 eccla-
1252 2001 1254 2012 Α

85 2135 153 2197 siae
175 2136 369 2210 praeceptis,
401 2133 440 2192 de
463 2135 676 2210 mysteriorum
700 2137 812 2207 natura
840 2138 872 2194 et
898 2153 1036 2207 numero.
1079 2133 1187 2196 Altera

83 2248 178 2328 parte
203 2244 277 2320 quid
298 2247 338 2308 sit
356 2247 500 2320 precatio
529 2263 553 2304 s.
576 2247 678 2306 oratio
700 2246 878 2334 erpnnitnr,
910 2249 959 2327 et,
988 2249 1024 2316 ut
1045 2244 1185 2318 decebat,

85 2355 211 2436 regales
235 2355 305 2416 illae
328 2374 456 2433 preces,
478 2373 554 2436 quas
577 2355 718 2424 Christus
740 2357 872 2416 instituit
894 2359 926 2416 st
948 2354 1070 2430 docuit,
1091 2355 1185 2416 latius

85 2466 300 2544 explicantur3
330 2467 421 2538 etiarn
449 2465 490 2529 de
514 2464 626 2547 epilogi
657 2449 837 2546 antiquitate
864 2470 898 2534 et
917 2485 975 2528 usu
999 2467 1184 2549 disputatur,
1268 2529 1277 2544 ‚

90 2567 223 2658 denisiue
245 2595 354 2650 norem
376 2575 569 2656 evangelicoe
592 2575 797 2648 beatitudines
823 2553 1062 2668 pertractantur,
1107 2577 1185 2636 Ter·
1216 2632 1221 2646 ,

91 2689 133 2746 tia
147 2691 237 2765 parte
254 2689 423 2775 emunitur,
440 2705 519 2778 quae
539 2686 600 2744 sint
618 2705 715 2759 opera
732 2687 813 2755 bona
828 2688 980 2760 cxMatth,
988 2690 1023 2752 V.
1033 2684 1184 2759 3,-12.‚

91 2801 259 2878 exquibus
280 2801 435 2880 tamquam
468 2797 594 2868 manime
621 2797 788 2874 praecipua
809 2797 967 2876 jejunium
998 2801 1029 2858 et
1051 2799 1184 2858 eleemo-

89 2887 168 2988 syna
199 2910 404 2987 disputantur.
447 2908 530 2968 Hinc
562 2907 661 2970 facilis
695 2907 754 2978 luit
789 2908 829 2971 ad
853 2915 988 2992 peccato
1022 2908 1182 2978 transitum

88 3037 219 3096 quornm
241 2993 367 3096 nortitio,
395 3019 427 3086 in
451 3019 559 3091 letalia
587 3019 618 3076 et
639 3037 701 3087 non
724 3019 831 3090 letalia
853 3021 943 3081 etlam
967 3020 1018 3078 hic
1039 3020 1180 3086 obtinuit.

87 3129 135 3188 Ex
155 3131 255 3206 primo
278 3144 390 3210 genere
412 3129 560 3206 imprimis,
590 3128 755 3204 inquiritur
776 3129 808 3187 in
830 3133 959 3219 peccata
980 3130 1012 3189 in
1035 3131 1182 3208 Spiritum

90 3259 117 3299 s.
136 3241 297 3298 commissa
318 3242 350 3299 et
372 3259 451 3316 quae
473 3239 511 3304 ab
533 3241 601 3316 ipso
624 3231 682 3298 d'eo
702 3236 851 3302 ultionem
874 3243 1052 3329 exposcunt.
1096 3239 1184 3300 Alte-

88 3371 159 3410 rum
181 3369 278 3431 genus
302 3370 337 3410 ex
366 3350 471 3411 decem
494 3349 588 3421 Musis
617 3351 792 3430 praeceptis
823 3347 996 3430 colligitur,
1030 3353 1074 3412 ila
1094 3355 1130 3411 ut
1152 3353 1183 3411 i‘n

76 3462 181 3538 'primi
218 3461 405 3537 expositione
436 3469 616 3521 sanctornm
644 3461 849 3520 invocationis
877 3460 913 3518 lit
935 3463 1066 3540 mentio,
1099 3463 1184 3523 etin

93 3573 233 3648 alterius,
257 3571 340 3648 quod
360 3574 396 3630 ut
419 3570 502 3649 apud
522 3571 705 3646 reformatos
721 3569 754 3658 1)
777 3569 815 3630 de
836 3571 1019 3652 imaginibus
1040 3572 1113 3654 egit,
1135 3579 1186 3640 ex'-

93 3749 327 3774 -β--ι-ᾞμ-

165 3863 194 3933 1)
215 3859 275 3918 cin
291 3859 410 3934 Gefflm
427 3862 493 3916 tiber
509 3860 553 3916 die
569 3861 761 3924 vercclrledene
779 3859 949 3934 Elntbelluug
966 3862 1015 3918 des
1032 3860 1186 3934 nemesus

93 3950 148 4005 und
174 3950 227 4004 deu
252 3946 370 4002 Einlluss
396 3947 539 4001 desselben
565 3947 615 4002 oni
645 3947 697 4002 den
727 3945 827 4002 Cultus.
863 3947 1007 4018 llamburg.
1037 3947 1110 4018 1835.
1146 3947 1186 4003 Ut

93 4037 162 4091 roim
186 4034 222 4088 de
245 4032 372 4090 librorum
389 4033 578 4086 crruonleorum
603 4040 630 4086 et
647 4032 860 4104 apocryphorum
878 4035 1051 4104 Augrntinum
1074 4034 1142 4092 iuter
1156 4039 1186 4090 'et

95 4121 285 4192 Hieronymum
302 4119 436 4173 dissensio
453 4117 519 4182 luit,
537 4131 606 4186 quae
623 4125 686 4188 post
704 4117 906 4174 multa'saecula
922 4119 1032 4183 moniti
1050 4118 1092 4176 aio
1107 4121 1186 4176 etiam
1210 4139 1220 4152 ·

96 4206 131 4262 de
147 4205 268 4275 decalogi
289 4205 397 4268 ordine,
422 4217 579 4273 qrramqnam
598 4201 624 4258 io
642 4201 693 4258 bac
710 4212 783 4258 esne
803 4219 832 4258 re
849 4220 904 4260 non
927 4202 963 4258 ed
980 4203 1032 4260 lton
1049 4204 1185 4262 montem

94 4299 251 4364 peruentum
269 4299 318 4344 est.
354 4288 497 4354 botherus,
515 4288 688 4367 Augustinum
703 4297 820 4353 secutus,
838 4288 982 4346 secuudum
995 4295 1094 4346 tostum
1102 4287 1186 4344 llebr.

93 4395 124 4431 ac
142 4377 284 4447 Vulgarum
301 4375 441 4444 imaginum
459 4372 670 4430 interdictionem
681 4391 747 4430 ,cum
767 4374 853 4445 primo
873 4385 1019 4448 praecepto
1036 4375 1186 4446 copulavit3
