2986 5176
334 441 411 517 3211
448 434 719 511 Confession.
741 435 974 506 -0-rthorlox.
1001 437 1040 512 P.
1058 439 1115 508 111.
1143 463 1173 532 q.
1196 439 1321 515 Lxxn.

338 621 460 705 reponit
480 619 588 704 ἔργα.
620 614 714 683 ἄλλα
736 613 861 682 καίτοι
903 640 1056 706 mumque
1078 629 1137 686 est.
1172 619 1241 687 Non
1260 626 1332 690 enirn
1347 649 1388 692 er-

338 714 402 776 τοῦ
432 708 499 772 ἔσω
526 705 739 784 ἀνθρώπου,
771 702 861 766 ὀποῦ
902 715 1013 772 ternas
1037 705 1191 771 duntaxat
1207 709 1335 775 notiones
1349 737 1388 776 re-

337 799 526 881 γενοῦντατ
569 790 639 856 α’πό
677 789 739 855 τὸν
776 793 862 852 νοῦν
903 802 969 870 tet3
999 790 1060 856 sed
1082 813 1140 856 eas
1161 793 1298 880 insuper,
1326 819 1391 882 qnae

339 881 401 946 καί
417 882 482 956 τὴν
497 877 704 956 προαίρεσιν
719 877 782 940 τοῦ
800 875 861 938 οἰν-
902 878 1064 944 interioris
1087 877 1221 942 hominis
1236 890 1313 962 sunt,
1325 903 1390 964 qnae

338 966 486 1046 Βρώπου
508 962 594 1040 πρὸς
617 962 655 1026 τὸ
674 967 860 1042 παποποτῆ-
903 971 1052 1030 amente
1080 963 1153 1048 ipsa
1184 971 1273 1048 atque
1293 967 1390 1030 delibe-

338 1069 417 1118 σαι·
455 1048 494 1114 τὸ
531 1048 654 1112 ὁποῖον
685 1047 860 1126 πλημοὶἡ
904 1060 975 1116 rata
1013 1048 1178 1112 voluntate
1217 1049 1258 1114 od
1295 1050 1390 1116 malurn

340 1134 766 1216 Χριστιαντκὴτελετότης.
789 1130 861 1194 Καί
903 1131 1157 1223 perpetrandum
1180 1133 1320 1199 oriuntur.
1342 1138 1390 1200 lnr-

339 1225 456 1288 ὅποτος
482 1221 546 1300 τὴν
564 1217 708 1298 ἐντολὴν
727 1216 862 1298 ταύτην
903 1222 972 1308 plet
992 1229 1099 1284 entem
1131 1216 1193 1282 hoo
1213 1234 1390 1306 praeceptnn

339 1309 520 1391 φυλάττει,
544 1305 718 1387 πληρώνετ
741 1302 779 1369 τὸ
799 1301 859 1366 r‹ii-
902 1305 1077 1371 ohristiana
1105 1304 1266 1390 perfectio.
1315 1305 1390 1385 Quod

337 1415 451 1473 κακον,
477 1392 566 1455 oneo
582 1398 753 1472 χρεωστεί
773 1386 860 1470 πρὸς
902 1400 1114 1490 praeceptum
1146 1391 1198 1474 qni
1219 1401 1325 1472 servat,
1350 1391 1390 1454 iilo

328 1480 398 1546 τὸν
424 1477 571 1556 πλησίον
598 1499 671 1543 του.
715 1473 858 1554 Ἐπειδὴ
898 1499 952 1563 prs
977 1497 1072 1541 omne
1128 1475 1246 1559 roximo
1278 1497 1329 1539 sno
1349 1475 1390 1539 de-

338 1564 450 1632 ίπείνο
475 1563 565 1629 6ποῦ
589 1562 634 1628 σὺ
663 1557 858 1630 δὲνθέλετε,
903 1563 1003 1627 bitum
1045 1498 1196 1646 expiesse
1237 1559 1390 1626 censendus

337 1653 448 1716 ἄλλου
466 1649 538 1727 μὴν
559 1648 598 1714 τὸ
617 1647 747 1730 ποίμῃς.Ι
787 1645 860 1709 Καί
902 1656 963 1728 est,
996 1646 1116 1732 quippe
1149 1647 1235 1730 quod
1256 1647 1318 1732 ipse
1337 1645 1389 1726 (tibi

337 1739 383 1801 είς
402 1739 506 1800 τοῦτο
529 1734 686 1799 στένεται
705 1733 727 1811 ἡ
752 1745 859 1810 σωτη·
902 1731 990 1816 fieri)
1013 1754 1078 1796 non
1100 1731 1160 1814 vie,
1181 1731 1213 1797 id
1236 1733 1284 1798 alii
1307 1754 1341 1794 ne
1357 1731 1389 1793 ie-

336 1824 401 1903 μία
426 1821 571 1884 πάντων
595 1823 666 1883 τῶν
692 1821 858 1900 Χρισττα-
901 1816 997 1882 ceris,
1039 1817 1167 1900 Estque
1196 1819 1227 1882 in
1256 1840 1293 1880 eo
1319 1815 1389 1879 Chri·

335 1913 420 1973 νῶν·
439 1906 485 1967 rai
499 1907 571 1986 μὴν
583 1908 615 1986 1)
636 1902 794 1988 ἐπιθυμᾷ
813 1921 858 1965 ττ-
902 1904 1081 1966 stinnorum
1096 1903 1237 1967 omniurn
1257 1901 1333 1966 salus
1347 1922 1389 1985 po-

335 1993 400 2059 νιίς
422 1988 580 2054 ἐναντίον
596 1995 660 2055 τοῦ
683 1993 774 2053 Θεοῦ
795 1988 858 2052 καί
901 1988 980 2066 sita3
995 1994 1031 2051 nt
1046 2008 1088 2050 ne
1103 1998 1232 2072 expetat
1246 1988 1309 2074 quis
1322 1983 1389 2072 quid·
1449 2051 1450 2074 p

335 2084 400 2143 τοῦ
424 2078 570 2157 πλησίον
593 2098 675 2141 που·
703 2075 859 2155 μάλιστα
902 2095 999 2158 quom
1020 2074 1093 2136 Deo
1128 2074 1327 2157 proximoque
1346 2089 1390 2134 sno
1449 2077 1450 2100 ¹

334 2165 381 2230 νὰ
402 2163 528 2249 α’γαπᾷ
551 2159 612 2227 τὸν
633 2159 723 2226 Θεὸν
743 2171 857 2238 περισ·
901 2157 1090 2237 adversum3
1108 2159 1206 2224 immo
1218 2157 1390 2241 veropotins,
1449 2209 1450 2226 ,

334 2248 498 2326 revisam,
523 2246 623 2326 παρὰ
646 2246 708 2311 τὸν
729 2243 859 2308 ἑαυτόν
902 2251 936 2308 ut
955 2245 1063 2309 Deum
1085 2266 1186 2327 supra
1208 2265 1297 2330 quarn
1311 2247 1390 2304 semet

332 2358 417 2415 που,
435 2333 496 2398 τὸν
512 2331 549 2398 δὲ
564 2334 710 2415 πλησίον
726 2348 789 2394 του
810 2329 858 2394 ὡς
900 2329 1007 2413 ipsum
1029 2327 1154 2417 diligat,
1171 2329 1337 2416 proximum
1350 2345 1390 2389 au·

332 2419 471 2486 ἑαυτόν.
899 2422 964 2478 torn
990 2412 1085 2500 juxta
1112 2437 1152 2480 ao
1174 2422 1273 2480 semet
1299 2413 1389 2500 ipsun.

377 2559 505 2622 Ταῦτα
530 2541 576 2617 τὰ
601 2548 691 2635 ἔργα
719 2549 855 2632 πληρώ·
963 2555 1055 2620 Haeo
1093 2555 1203 2620 officia
1233 2557 1261 2621 si
1292 2555 1322 2620 in
1343 2555 1390 2621 hoo

331 2659 448 2710 νοντεε
474 2639 613 2704 τελείως
640 2639 688 2702 είς
714 2636 775 2702 τὸν
799 2636 856 2701 πό·
898 2638 1030 2721 mundo,
1042 2640 1075 2705 in
1088 2643 1195 2728 gratia
1208 2640 1390 2707 Dominiliei·

333 2742 424 2810 σμον
443 2730 568 2796 τοῦτον
593 2722 631 2786 ἐν
651 2722 770 2800 χαίρετε
793 2725 855 2786 τοῦ
921 2747 962 2793 ne
995 2727 1117 2809 nostri,
1138 2735 1229 2792 reote
1249 2733 1334 2812 atque
1352 2747 1390 2790 or-

333 2813 474 2896 Κυμίου
493 2809 554 2876 καί
573 2813 665 2873 Θεοῦ
679 2811 782 2890 ἡμῶν
799 2831 856 2887 με·
899 2749 983 2893 ine,
1001 2831 1075 2874 oum
1090 2813 1247 2877 catholieo
1262 2821 1292 2876 et
1304 2812 1390 2876 ortho

332 2900 379 2963 τὰ
404 2907 466 2978 τῆς
491 2899 682 2974 καὲλολυτῆς
707 2894 769 2958 καί
799 2893 855 2975 ὀμ·
898 2897 984 2964 doxa
1011 2895 1078 2959 fide
1109 2898 1322 2982 exsequimur:
1339 2905 1389 2961 tnn

331 2985 488 3052 θοδόξου
499 2982 657 3048 πίστεως,
670 2977 856 3058 ἐλπίζομεν
898 3003 977 3047 sane
998 2980 1079 3044 citra
1107 2981 1338 3048 haesitationem
1354 2981 1389 3044 ni-

332 3068 567 3142 ιίδτστιίπτωε,
588 3063 641 3128 ὅτι
661 3061 698 3128 ἐν
714 3066 763 3150 τῷ
778 3061 854 3143 μὲλ-
897 3069 962 3133 lam
984 3087 1121 3151 sperare
1143 3089 1325 3153 possumus,
1343 3085 1388 3130 nos

331 3161 427 3222 λοντι
470 3153 575 3216 αίῶντ
617 3151 856 3234 ἀπολαβόντες
898 3155 931 3218 in
959 3151 1068 3216 futuro
1099 3155 1231 3236 seculo,
1259 3171 1388 3216 summan

331 3243 398 3319 τὴν
412 3247 471 3322 τῆς
490 3238 630 3321 ἀγάπης
654 3236 852 3317 τελειότητα
895 3236 1037 3304 caritatis
1071 3239 1300 3320 perfectionem
1330 3257 1388 3300 oon-

328 3326 480 3406 θέλομεν
500 3324 666 3394 §egotam
685 3322 727 3386 Ιἐν
745 3325 852 3400 οὐρα·
894 3330 1046 3402 secutos,
1081 3323 1115 3387 in
1145 3324 1239 3388 ooelo
1270 3321 1387 3388 eonceio·

329 3420 403 3480 νοῖς
424 3410 486 3476 τὸν
505 3408 542 3473 ἐν
563 3409 691 3488 Τρτάδτ
711 3406 773 3472 ἕνα
792 3413 852 3472 &ie-
897 3411 1047 3474 braturos
1085 3430 1166 3474 esse
1204 3431 1295 3473 unum
1321 3406 1388 3472 ilion

331 3499 373 3566 ὸν
408 3497 649 3579 ὑμνούμενον,
693 3489 851 3574 Πατέρα,
894 3496 1011 3574 Deum,
1034 3493 1143 3576 quiin
1167 3495 1315 3560 Trinitate
1338 3489 1388 3554 ool·
1448 3517 1449 3533 ν

329 3583 420 3650 Υίὸν
434 3584 496 3648 ναί
513 3581 618 3664 ἅγιον
636 3580 789 3660 Πνεῦμα
805 3582 854 3644 είς
895 3578 1062 3644 laudatur:
1085 3580 1229 3662 Patrem,
1249 3579 1351 3644 Filium
1364 3583 1388 3636 et

327 3670 412 3736 τοὺς
438 3671 572 3734 αἰῶνας
597 3669 669 3731 τῶν
694 3665 849 3732 αἰώνων.
896 3664 1052 3751 Spiritum
1075 3663 1249 3747 Sanctum,
1268 3665 1297 3728 in
1317 3679 1387 3726 secu·

325 3754 441 3838 ²Aprir.
895 3749 1146 3816 latseoulorum.
1191 3748 1306 3816 Amen!

327 3897 535 3918 ---·-·

395 3973 424 4041 1)
448 3968 548 4039 Scripsi
575 3984 591 4021 e
616 3983 698 4036 marg.
722 3959 794 4034 μήν,
825 3971 904 4088 (punm
937 3967 1043 4036 negatio
1077 3965 1237 4036 prohibitiva
1265 3963 1387 4032 raptetur,

322 4059 377 4115 pro
399 4038 456 4109 pio.
482 4039 552 4120 onte
569 4035 662 4122 peripffi
680 4031 768 4103 κάμῃς
786 4042 812 4088 ei
843 4035 955 4107 πνθνμᾴ
974 4036 1172 4104 μενεαίνετε,
1195 4044 1222 4088 nt
1238 4034 1320 4106 ponito
1341 4034 1388 4099 post

325 4121 398 4166 reete
415 4117 543 4178 repertun
562 4121 664 4176 αγαπᾳ.

643 4254 1102 4299 ψ
