2896 5180
183 509 184 514 η
266 476 358 526 xv111
646 434 983 536 'prolegomena

272 615 384 700 abiisse
406 631 561 714 putandus
590 617 656 693 est.¹
691 631 737 690 Ac
762 631 787 688 si
810 628 944 706 quises
973 645 1010 687 eo
1033 641 1183 704 quaerero
1204 621 1364 698 voluisset,

271 749 345 827 quid
380 750 448 826 ipsa
483 745 522 805 de
560 741 607 803 his
643 741 764 815 verbis,
804 739 915 817 quibus
931 755 1049 797 ,secum
1090 751 1228 814 pugnare
1261 734 1366 794 ridea—
1437 769 1438 810 ,

271 863 343 934 tur,
367 847 513 936 sentiret3
542 851 627 914 haud
655 852 789 911 arbitror
818 866 887 909 eum
918 848 978 908 alia
1007 864 1228 924 responsurum
1257 846 1366 919 iuisse‚

274 991 364 1048 quam
387 968 497 1044 quibus
519 965 551 1026 in
572 964 653 1023 libro
680 979 739 1040 pro
768 959 878 1021 concil.
899 959 1036 1020 Floreat.
1051 957 1077 1016 I.
1100 955 1129 1014 4.
1153 958 1183 1014 in
1213 975 1248 1015 re
1271 957 1367 1015 simii·
1437 949 1438 1006 ἶ

260 1082 345 1141 tima
374 1098 408 1137 sc
437 1075 597 1154 expedivit.
642 1073 781 1152 Gyrtllue'
806 1071 852 1134 M.
882 1071 914 1129 iu
942 1069 1056 1136 Joaun.
1075 1067 1155 1127 xlv.
1188 1065 1235 1125 his
1264 1067 1367 1126 vorbis
1437 1061 1438 1080 *

275 1207 367 1270 quum
388 1206 463 1247 usus
488 1190 587 1246 esset-r
620 1203 662 1243 ee
685 1185 791 1243 divina
813 1183 954 1244 essentia
979 1178 1122 1258 profluit,
1152 1178 1236 1255 quod
1262 1195 1304 1234 ex
1327 1198 1367 1235 ea

271 1301 433 1378 procedit3
462 1297 585 1373 quibus'
603 1294 728 1371 spiritus
761 1295 860 1352 sancti
881 1291 1040 1369 processio
1063 1287 1103 1348 ad
1124 1287 1222 1357 solum
1244 1291 1364 1364 patrem

273 1411 382 1471 referri
403 1407 541 1486 videtur3
565 1403 743 1466 Gennadius
767 1421 829 1463 non
853 1403 1001 1462 dubitavit
1029 1399 1075 1458 bis
1098 1417 1257 1476 opponere
1278 1397 1364 1471 iilud,

275 1520 381 1582 aDeo
405 1537 475 1578 eum
496 1517 560 1576 tilio
589 1532 695 1574 omnes
728 1518 775 1574 sui
804 1515 947 1594 proprias
977 1513 1105 1570 virtutes
1135 1511 1364 1584 communicari,

274 1649 337 1692 uon
359 1629 528 1706 improprie
558 1628 617 1688 aed
644 1629 833 1687 naturaliter
862 1633 896 1684 et
917 1623 1128 1684 essentialiter
1135 1642 1148 1698 ς
1177 1639 1251 1700 crgo
1274 1622 1366 1678 etiam

274 1743 359 1804 illam
379 1741 457 1816 vim,
487 1757 549 1816 qua
578 1737 702 1814 spiritus
715 1757 750 1796 s.
774 1757 810 1796 ex
840 1738 909 1814 ipso
938 1731 1161 1814 progrediatur.
1207 1732 1275 1807 Quo
1299 1731 1366 1806 qui-

275 1854 348 1916 dem
368 1867 517 1911 concesso
539 1847 656 1908 illibata
678 1849 736 1908 erit
758 1845 909 1936 Gennadii
930 1845 1018 1932 tides,
1043 1861 1100 1904 nec
1123 1841 1247 1901 debebit
1267 1842 1366 1901 ubivis

274 1963 425 2035 locorum,
448 1961 631 2020 necessitate
651 1963 781 2040 urgente
804 1947 899 2033 nulla,
920 1957 969 2018 val
987 1975 1030 2016 ne
1049 1954 1279 2032 opportunitate
1300 1953 1366 2028 qui-

275 2072 345 2135 dem
368 2072 457 2147 data,
491 2072 588 2150 patris
618 2072 733 2130 nomini
762 2069 876 2131 addere
906 2067 1021 2143 filium,
1054 2083 1147 2142 qrrum
1170 2066 1280 2123 neuter
1302 2065 1367 2122 sine

275 2178 551 2256 alterosit1).-··
572 2179 610 2240 In
639 2179 765 2243 alterius
795 2180 997 2242 confessionis
1026 2177 1115 2251 loco,
1145 2175 1199 2234 ubi
1229 2171 1368 2234 eamdem

273 2311 340 2353 rem
362 2283 521 2368 disquirit,
551 2289 663 2352 clarius
687 2296 719 2351 et
741 2292 933 2368 distinctius,
965 2288 1015 2350 vel
1044 2289 1070 2346 si
1098 2288 1212 2360 mavis,
1245 2287 1367 2344 cautius

275 2403 368 2478 duit,
397 2402 567 2462 rectissime
597 2401 643 2480 (p.
663 2402 729 2482 1³.)
752 2407 784 2465 et
805 2403 954 2464 ecclcsiae
974 2415 1122 2480 graecae,
1159 2415 1238 2476 quae
1258 2413 1368 2473 perso-

273 2531 383 2574 narum
406 2529 529 2590 semper
552 2531 645 2572 unam
667 2512 758 2584 πήγην
780 2517 812 2573 et
835 2510 923 2584 ἀρχὴν
943 2529 1011 2572 csse
1040 2509 1165 2586 statuit,
1194 2491 1367 2568 accommo-

275 2624 347 2684 date
375 2630 406 2689 ἐκ
428 2635 478 2703 τῆς
508 2631 654 2704 φύσεως
684 2633 735 2686 τοῦ
768 2635 840 2688 θεοῦ
870 2624 980 2684 exoriri
1008 2621 1135 2680 verbum
1166 2621 1197 2680 et
1224 2617 1365 2695 spiritum

236 2725 239 2734 ’
273 2735 459 2807 arbitratus,
496 2751 591 2810 quum
620 2733 652 2791 in
680 2734 791 2790 natura
827 2733 928 2792 divina
955 2733 1099 2792 universa
1126 2731 1203 2802 νοῦς,
1227 2728 1307 2800 λόγος
1336 2731 1368 2786 et

274 2847 385 2914 πνεῦμα
407 2844 479 2916 sint,
500 2847 536 2901 ut
557 2844 589 2901 in
610 2842 744 2900 humana
763 2854 847 2916 νοῦς,
865 2850 945 2922 λόγος
962 2847 1068 2921 νοητὸς
1086 2843 1118 2899 et·
1137 2850 1252 2920 θέλησις
1270 2847 1368 2920 vogn),

276 2971 356 3030 quae
375 2952 436 3011 tria
457 2954 490 3010 iu
510 2969 573 3010 uno
594 2949 746 3009 humanae
769 2953 886 3010 animae
906 2953 1058 3029 principio
1075 2953 1253 3010 innitantur.
1298 2951 1369 3010 Jam

274 3079 349 3123 vero
372 3081 409 3122 cx
430 3061 477 3135 iis,
501 3079 580 3136 quae
603 3059 676 3118 dixit
698 3059 737 3118 ad
758 3065 936 3120 naturarum
959 3060 1087 3121 duarum
1110 3063 1243 3142 origines
1265 3062 1370 3138 expla-

276 3171 413 3246 nandae,
442 3169 534 3232 facile
564 3171 720 3246 sequitur,
751 3173 836 3230 eum'
855 3170 990 3232 noluisse
1013 3173 1139 3250 spiritus
1161 3174 1369 3250 processionis

275 3284 373 3344 tilium
395 3283 518 3360 penitus
541 3283 695 3359 expertem
716 3299 793 3342 esse.
837 3281 923 3344 Deua
944 3301 1037 3360 quum
1067 3301 1101 3342 se
1127 3285 1303 3360 intueatur,
1336 3301 1370 3344 se

277 3395 402 3478 cogitat.
444 3391 532 3452 Haec
552 3392 620 3470 ipsa
642 3394 788 3472 cogitatio
803 3423 846 3438 -·
871 3413 963 3470 quum
987 3396 1027 3452 sit
1049 3393 1123 3453 nihil
1144 3395 1237 3454 inane
1259 3411 1295 3454 ae
1316 3413 1370 3454 ve-

274 3525 349 3568 num
370 3505 403 3564 iu
425 3503 483 3564 deo
498 3533 542 3546 ·-
556 3506 606 3562 cst
634 3502 683 3563 dei
711 3502 793 3564 tilius
823 3523 879 3565 seu
900 3507 1059 3582 sapientia.
1103 3505 1166 3564 Per
1193 3505 1274 3566 banc
1295 3523 1369 3566 vero

159 3627 160 3630 ’
275 3635 310 3678 se
330 3619 432 3695 ipsum
455 3613 532 3675 deus
554 3617 586 3674 et
606 3611 749 3692 intelligit
778 3619 810 3674 et
839 3615 937 3696 diligit
944 3632 954 3694 3
993 3616 1091 3675 oritur
1118 3616 1213 3697 igitur
1246 3635 1282 3676 ex
1313 3637 1370 3676 aua

275 3729 389 3800 mente,
404 3745 445 3804 ¹se
468 3727 499 3784 et
522 3725 677 3802 cogitante
700 3728 731 3785 et
750 3727 953 3809 intelligente,
976 3725 1110 3801 dilectio,
1134 3729 1185 3802 qui
1210 3730 1256 3787 est
1279 3729 1372 3805 spiri-

275 3840 327 3899 tus
349 3839 484 3896 sanctus.
527 3833 611 3913 Ergo
633 3835 665 3892 in
686 3837 833 3916 spirando
854 3838 964 3915 spiritu
985 3856 1010 3898 s.
1036 3841 1068 3898 et
1089 3837 1157 3914 ipsa
1186 3839 1236 3898 dei
1258 3843 1373 3898 natura

345 4065 374 4132 1)
392 4059 423 4115 td
438 4063 544 4133 saepius
559 4060 594 4118 de
608 4059 666 4118 filio
688 4060 833 4135 pmedicat,
851 4077 911 4117 eum
933 4061 1033 4118 scilicet
1046 4075 1179 4133 uunquam
1194 4079 1211 4116 a
1229 4069 1306 4132 patre
1324 4059 1372 4116 ab·

275 4163 354 4216 ease,
370 4146 421 4202 etsi
442 4147 469 4200 in
489 4155 561 4202 terra
581 4149 616 4204 ait
638 4158 666 4204 et
686 4150 754 4204 iuter
768 4149 889 4204 homines
912 4157 1043 4204 versatus.
1080 4148 1134 4203 Gir.
1157 4154 1219 4221 μδ.
1233 4154 1260 4206 7.
1297 4147 1373 4205 Qua·

275 4239 386 4304 propter
408 4231 471 4284 dicit
492 4249 520 4302 p.
540 4239 566 4290 8.
589 4237 767 4306 principium
784 4234 989 4306 productivum
1009 4255 1068 4292 ease
1088 4227 1206 4308 patrem
1228 4241 1257 4288 et
1279 4237 1374 4288 ettam
1437 4285 1438 4298 ,

275 4317 380 4390 fitium,
392 4314 553 4388 productos
573 4327 671 4374 autem
685 4337 745 4376 esse
765 4320 860 4390 fitium
882 4325 911 4374 et
929 4325 1065 4393 spiritum
1080 4341 1102 4375 a.
1112 4341 1121 4385 ‚-
1140 4320 1212 4392 quod
1231 4328 1374 4388 utrumque

278 4402 357 4458 facile
374 4409 465 4474 potest
483 4404 639 4458 consociari.
