2896 5180
462 472 782 564 Prolegomcna.
1067 501 1170 552 xxvu

2 689 3 720 1
61 655 227 717 senatoria
245 655 486 734 dejicerentur,
516 659 576 715 imo
607 656 725 734 legatos
757 654 885 718 Romam
916 662 1081 736 miserunt,
1115 667 1168 740 qui

2 777 3 808 ³
63 789 141 828 rem
164 769 317 844 inceptam
341 766 380 826 ad
398 767 490 826 finem
506 765 721 843 perducerent.
764 767 882 828 Romae
901 771 1021 845 quidem
1040 791 1168 853 magnus

65 876 267 954 triumphus;
297 877 351 938 sed
374 877 458 954 apud
479 877 641 937 Ruthenos
665 877 812 954 plurimos
835 882 1009 958 principes,
1038 886 1103 943 tum
1126 886 1168 943 ci-

65 989 149 1048 viles
173 991 239 1046 tum
262 987 498 1060 ecclesiasticos,
515 987 658 1072 querelae
678 989 710 1046 et
725 989 969 1052 intercessiones,
1004 993 1071 1052 Rex
1087 1012 1169 1070 vero,

2 1123 3 1142 .
67 1119 165 1162 suum
188 1098 350 1158 consilium
374 1099 589 1171 assecuturus,
620 1097 736 1173 synodo
758 1099 910 1160 Brestiam
934 1107 1102 1164 convocata
1123 1107 1169 1166 ei-

67 1210 167 1283 10011,
196 1209 232 1268 ut
254 1208 431 1269 Michaeles
453 1207 605 1287 Bosporo,
635 1209 686 1284 qui
709 1209 740 1268 et
760 1211 894 1272 Robora
916 1215 1077 1289 scribitur,
1106 1235 1170 1276 me·
1224 1259 1227 1266 .

46 1373 48 1386 ‚
69 1321 222 1396 tropoltta
237 1319 409 1378 Kioviensis
433 1318 536 1394 (annis
557 1317 777 1396 1588-99.),
792 1338 860 1380 cum
881 1326 967 1403 regia
990 1325 1064 1384 cleri
1081 1331 1169 1403 parte

70 1433 181 1509 Papae
212 1450 247 1489 se
277 1429 452 1506 subjectum
483 1447 551 1488 esse
580 1429 738 1506 protessus
768 1431 816 1489 sit.
861 1433 907 1494 De
938 1435 1030 1512 hujus
1061 1437 1170 1512 synodi

2 1529 3 1592 J
74 1561 157 1602 anno
182 1559 245 1599 non
270 1542 345 1599 satis
368 1539 510 1598 convenit
533 1540 613 1598 inter
634 1541 715 1598 viros
739 1538 863 1602 doctos'.
900 1545 1085 1606 lleineccius
1107 1547 1130 1605 1.
1149 1549 1169 1608 1.

76 1653 102 1712 Ι.
128 1650 199 1711 195.
223 1653 296 1727 post
319 1669 432 1710 annum
456 1647 549 1708 1595.
571 1653 768 1710 convocatam
791 1671 858 1712 esse
881 1655 1041 1734 significat,
1066 1657 1172 1717 Bohn-

78 1761 160 1821 stadt
186 1761 208 1819 1.
232 1760 253 1820 1.
281 1779 313 1837 p.
334 1758 383 1820 10.
416 1778 530 1818 annum
555 1756 646 1820 1596.
677 1779 772 1820 mens.
791 1763 928 1824 „Octobn
958 1767 1053 1828 fuisse
1089 1770 1171 1844 dicit,

80 1871 280 1947 eumdemque
312 1887 425 1929 anuum
456 1872 487 1929 et
514 1869 628 1928 Hosius
658 1867 986 1952 (Kirchengeschichte
1014 1876 1104 1937 1841.
1139 1901 1172 1957 p.

80 1978 168 2062 151.)
191 1984 221 2041 01
244 1979 347 2040 Julius
368 1977 566 2062 wiggersius,
590 1979 698 2040 Theol.
721 1980 955 2045 Rostochiensis
979 1983 1172 2068 (Ktrchliche

76 2091 218 2152 Stetistilr
250 2109 282 2169 p.
301 2083 391 2168 29³.)
421 2093 546 2166 tenent3
574 2087 813 2170 Engelhardtius
849 2093 870 2154 l.
899 2094 920 2153 1.
949 2097 1006 2156 III.
1044 2119 1073 2175 p.
1102 2099 1174 2160 199.

75 2204 221 2262 unionem
251 2203 377 2262 revocat
418 2199 457 2260 ad
489 2218 602 2261 aunum
627 2198 736 2274 1589,
769 2204 877 2278 synodi
911 2205 1025 2267 nullam
1056 2210 1171 2270 lactens

75 2314 285 2386 mentionem,
313 2310 681 2390 Baumgarten-Crusius
708 2307 902 2392 (Compend.
936 2313 991 2378 der
1019 2320 1174 2401 Dogmeu-

77 2422 182 2504 gescb.
207 2441 240 2499 p.
263 2417 335 2481 sar.
358 2417 440 2498 not.)
466 2419 556 2482 1594.
586 2423 705 2498 synodo
728 2425 874 2484 attribuit.
918 2427 1061 2490 1111111110
1084 2436 1173 2492 caute
1232 2458 1237 2472 =

79 2531 263 2606 adhibendo,
287 2531 342 2590 sed
363 2530 446 2608 quod
468 2533 609 2610 tempora
632 2535 750 2606 attinet,
774 2534 834 2595 fide
856 2536 966 2615 dignor
999 2539 1173 2601 111000110-

80 2649 148 2704 steu
171 2641 328 2702 Zustdnde
351 2641 406 2701 der
427 2641 545 2702 kathol.
565 2645 680 2702 Klrche
702 2643 808 2703 beider
822 2645 913 2705 Ritus
937 2649 967 2705 in
989 2646 1088 2707 Polen
1109 2649 1174 2708 und

80 2753 245 2814 Russlaud.
291 2753 357 2812 Von
389 2753 488 2813 einem
517 2753 654 2812 Priester
684 2769 739 2811 aus
770 2753 825 2812 der
857 2755 1084 2836 congregation
1119 2758 1173 2818 des

82 2865 273 2923 oratoriums
305 2863 335 2922 d.
358 2863 388 2921 h.
411 2862 575 2940 Philippus
597 2861 678 2922 Neri.
723 2862 780 2922 lttit
810 2867 909 2926 cinam
939 2867 1048 2929 Bande
1071 2868 1176 2930 Docu-

83 2977 196 3034 mente.
240 2974 407 3054 Augsburg
438 2972 613 3046 1811.,01
647 2972 769 3048 quidem
799 2993 836 3036 ex
864 2977 1048 3039 documento
1079 2980 1177 3041 altero

82 3088 160 3146 citra
183 3084 406 3144 dubitationem
435 3086 574 3163 constat,
604 3084 748 3145 unionem
769 3089 850 3164 ¹post
877 3107 993 3166 paucas
1024 3092 1177 3152 sessiones

81 3197 130 3256 dia
162 3195 205 3256 11.
221 3195 314 3266 1100.
347 3191 645 3254 159800010010111
674 3195 779 3256 luisse.
823 3197 912 3258 Auno
941 3204 1014 3277 post
1045 3203 1177 3263 Michael

81 3307 208 3387 Ragosa
239 3305 299 3364 hoc
329 3302 425 3364 edidit
446 3305 516 3363 nori
545 3304 684 3381 obsequti
715 3303 949 3392 documentum,
980 3312 1080 3388 quod,
1113 3313 1177 3373 suis

84 3417 239 3496 episcopis
262 3415 372 3478 iterum
396 3415 601 3494 cougregatis,
623 3414 743 3494 legatos
765 3411 895 3476 Romam
917 3423 1009 3497 misit,
1045 3424 1096 3499 qui
1117 3423 1179 3484 Pu-

83 3545 159 3605 pam
179 3529 290 3604 utpote
312 3543 424 3584 norum
448 3515 604 3584 dominum
636 3524 674 3586 da
695 3525 812 3584 unione
839 3530 1001 3592 certiorem
1030 3533 1180 3610 lacerent,

83 3640 173 3715 eique
194 3635 293 3696 XXV.
326 3635 356 3695 d.
378 3635 452 3696 Jun.
481 3634 696 3713 metropolitae
728 3637 760 3694 01
788 3637 1021 3716 episcoporum,
1051 3643 1104 3718 qui
1138 3643 1178 3703 ad
1298 3616 1300 3621 ἲ

83 3747 226 3809 Romana
247 3747 350 3807 castra
370 3747 574 3820 transierant,
602 3743 708 3805 literas
729 3729 905 3825 traderent,
935 3769 1014 3829 quae
1034 3750 1181 3832 leguntur

84 3861 116 3919 in
140 3857 210 3919 eod.
232 3856 303 3916 libr.
335 3857 456 3917 docum.
486 3860 556 3918 tert.
581 3888 619 3898 -·
652 3856 694 3915 at
723 3861 832 3918 contra
860 3861 958 3922 altera
984 3861 1097 3942 factio,
1129 3869 1180 3926 cui

85 3971 230 4046 praeerat
252 3964 483 4042 Constantinus,
505 3968 565 4028 dux
586 3967 802 4042 Ostrorieusis,
824 3989 886 4030 non
909 3973 1008 4034 solum
1030 3977 1180 4036 interces-

88 4081 204 4138 sionem
227 4078 359 4153 iteravit,
383 4078 438 4138 sed
461 4079 562 4152 etiam,
584 4081 619 4136 ut
639 4079 689 4137 isti
711 4075 837 4140 factioni
862 4085 890 4141 vi
914 4087 945 4143 et
967 4103 1095 4145 numero
1113 4105 1180 4148 cre-

87 4191 184 4250 0001111
207 4191 315 4266 posset
337 4189 499 4264 resistere,
522 4208 592 4250 cum
613 4187 804 4269 Evangelicis
827 4191 1027 4272 Augustauae
1050 4195 1180 4258 Coales-

89 4302 165 4360 sioui
189 4299 320 4360 addictis
342 4298 381 4360 de
403 4299 528 4360 loedere
550 4319 642 4380 agere
664 4301 803 4360 instituit.
847 4301 888 4362 Et
904 4305 935 4364 in
955 4326 1061 4367 eorum
1080 4312 1180 4385 parte,

90 4412 140 4488 qui
160 4411 379 4472 intercedendo
400 4411 508 4490 jugum
523 4410 718 4474 Pontificium
736 4413 919 4491 abnuerunt,
937 4437 1068 4494 cumque
1082 4419 1183 4480 Evan-
